3350 5334
254 404 313 453 xm
671 389 718 439 nn
739 346 855 436 rimu
874 348 1125 432 menstruanus·

1092 492 1202 532 oratoriam

255 572 330 637 XV.
372 568 480 633 Oriam
499 563 627 628 diseunt
647 557 825 622 nauiculam
846 551 1001 616 modicam
1023 548 1192 630 pistoriam.
1230 537 1323 606 Unde
1343 543 1376 597 et
1398 534 1489 615 plau·

260 718 265 731 ¹
338 713 388 765 tus
416 707 448 766 ln
476 700 598 764 oaoisto
627 694 680 759 ait.
729 692 817 755 Malo
850 690 934 751 huno
966 684 1097 766 adligari
1124 680 1165 744 od
1192 680 1289 743 oriam
1312 686 1347 737 ut
1367 691 1492 754 semper

338 838 486 921 piscetur.
508 800 573 894 etsi
594 829 637 890 sit
655 832 833 907 tempestas
855 823 966 903 aliqua.

256 975 346 1040 XVI.
388 972 556 1036 Problema
587 965 673 1028 diota
704 970 755 1024 est
783 962 815 1023 in
841 959 946 1039 capite
971 955 1039 1017 libri
1060 948 1295 1035 questionaliter
1320 939 1492 1025 propositio

337 1104 485 1190 prosita.
526 1097 619 1164 Unde
640 1093 866 1157 demosthenes
886 1107 941 1171 pro
963 1087 1100 1168 philippo
1121 1083 1173 1145 ait.
1208 1077 1274 1169 Sed
1296 1074 1429 1157 nequid
1452 1082 1492 1135 te

338 1254 469 1318 grecum
497 1232 601 1295 turbet
632 1226 822 1308 exemplum·
863 1221 935 1306 Ego
952 1239 1022 1301 ,pro
1057 1218 1119 1279 hoo
1147 1217 1276 1277 latinum
1305 1210 1362 1273 tibi
1382 1209 1491 1271 feram·

340 1356 394 1433 nit
425 1369 517 1430 enirn.
545 1361 750 1446 problematis
772 1324 962 1421 autenticum
995 1351 1127 1434 gradum
1148 1348 1312 1409 tradamus
1345 1341 1490 1407 adstanti

339 1501 390 1563 oui
419 1513 527 1563 nostra
557 1497 757 1578 subsequens
789 1502 935 1555 occurset
963 1488 1072 1551 oratio.
1115 1486 1199 1547 Nam
1232 1490 1265 1544 et
1293 1478 1492 1567 tertullianus

339 1635 372 1694 in
393 1634 470 1694 libro
491 1648 584 1712 quem
605 1627 646 1689 de
667 1626 733 1688 lato
755 1624 883 1705 scripsit
903 1621 947 1683 ait
968 1620 1021 1680 ita.
1044 1615 1156 1680 Redde
1180 1614 1263 1674 huno
1281 1606 1330 1673 fr'i
1352 1610 1487 1690 primum

339 1762 541 1850 problematis
563 1759 783 1839 mancipatum.
829 1711 861 1784 ·’
1034 1760 1055 1791 ·
1150 1792 1153 1798 .

190 1946 197 1955 ,
257 1901 363 1966 XVll.
405 1895 562 1978 Apuleius
582 1893 614 1955 in
637 1892 725 1955 asino
748 1906 844 1952 aureo
865 1885 1035 1948 introducit
1056 1900 1184 1945 sorores
1205 1900 1262 1963 pre
1277 1878 1353 1953 se⁹)
1374 1836 1500 1940 maritis

339 2031 541 2094 detrahentes
562 2028 678 2091 dicere.
699 2041 762 2107 quo
785 2024 833 2085 uis
856 2042 953 2103 puero
976 2021 1171 2101 pomilionem
1193 2026 1226 2080 et
1239 2014 1400 2078 cucurbita
1420 2014 1494 2095 gle-

338 2162 437 2230 brion
445 2184 505 2228 em.
534 2161 685 2225 Pomilios
707 2157 788 2219 enim
811 2154 918 2218 dicunt
940 2153 1052 2214 molles
1077 2152 1173 2231 atquo
1194 2151 1324 2211 inertes.
1347 2147 1493 2231 glabrum

339 2300 417 2361 uero
438 2299 548 2391 lenemv
562 2302 595 2355 et
615 2289 797 2352 imberbem.

256 2438 378 2502 XVlll.
421 2431 565 2497 Sutelam
587 2426 698 2489 dieunt
718 2422 876 2486 astutiam.
894 2420 984 2501 quasi
1003 2416 1128 2483 subtilia
1151 2419 1223 2501 tela
1246 2416 1339 2481 Unde
1358 2425 1390 2481 et
1403 2414 1494 2499 plau-

338 2580 391 2633 tus
410 2571 443 2631 tu
468 2567 596 2629 cassina
618 2562 670 2625 ait.
715 2560 827 2623 Poscis
852 2559 933 2618 clam
950 2575 1002 2616 me
1023 2555 1136 2616 sutelis
1158 2555 1220 2615 tuis
1242 2553 1399 2633 preripere
1419 2560 1501 2610 case

1380 2648 1388 2685 Ι

340 2702 440 2765 sinam
463 2719 593 2762 uxorem
616 2696 736 2779 prointe
758 2702 793 2754 ut
814 2692 966 2774 postulas.

257 2814 395 2897 XVllll.
438 2829 608 2912 Friguttiro
630 2826 741 2888 dicitur
759 2792 965 2888 subtiliterffl)
986 2806 1161 2897 aggarrire.
1204 2810 1297 2876 Unde
1317 2816 1348 2870 et
1371 2808 1497 2888 plautus

338 2963 369 3024 in
392 2960 520 3050 cassino
541 2959 593 3021 eit.
636 2953 792 3034 Quidnam
814 2942 982 3032 friguttis‘i
1009 2949 1183 3028 stennius.
1205 2944 1236 3004 in
1258 2940 1406 3005 telestide
1434 2955 1493 3000 oo·

340 3053 525 3156 medianbit.
564 3090 656 3151 llaec
677 3103 758 3149 anus
780 3080 947 3144 admodum
961 3079 1112 3160 *friguttit
1134 3076 1276 3138 nimirum
1290 3075 1440 3136 sautiauit
1456 3090 1494 3135 se

343 3229 420 3307 llere
441 3228 538 3288 liberi.
615 3217 617 3221 ’

260 3367 332 3429 XX.
375 3352 728 3436 textanttcinm¹1)dioi
740 3322 1102 3430 uoluerunthlaputrida
1122 3362 1206 3428 quae
1225 3343 1267 3408 de
1281 3345 1355 3410 telis
1371 3342 1497 3417 cedunt.

239 3476 241 3483 ¹
342 3508 374 3557 ut
396 3495 523 3575 plantus
546 3491 577 3552 in
598 3489 727 3552 cassina
747 3488 800 3551 ait.
842 3488 917 3549 Non
940 3503 1004 3565 ego
1026 3483 1088 3544 hoo
1110 3482 1237 3544 uerbum
1270 3478 1331 3541 emi
1361 3485 1492 3540 textuu-

344 3630 424 3692 licio.
445 3627 529 3688 idest
550 3643 585 3687 re
608 3620 821 3685 ammodum
842 3619 1003 3682 uilissima.
1047 3616 1132 3677 Nam
1155 3622 1326 3676 etmarous
1342 3617 1492 3672 cornutus

345 3763 374 3824 in
394 3729 504 3841 satpra
526 3759 574 3822 sie
596 3757 649 3819 ait.
692 3751 894 3820 'l'extnnlioia
914 3755 1056 3819 flaocedo
1076 3756 1140 3817 tibi.

265 3895 356 3958 XXI.
390 3890 603 3971 ,lso'ulponeas
624 3887 685 3950 diei
707 3889 875 3987 uoluerunt
903 3895 1032 3949 caestus
1057 3882 1185 3967 plumbo
1211 3881 1337 3968 ligatos.
1384 3871 1498 3942 Unde

350 4036 387 4088 et
408 4022 519 4089 neuius
541 4021 573 4083 in
593 4021 754 4103 iilemporo
781 4018 925 4082 comedia
946 4021 999 4082 ait.
1040 4017 1237 4099 lsculponeis
1258 3984 1407 4076 battenda
1426 4020 1500 4075 sunt

346 4159 419 4222 huic
443 4159 543 4218 latera
563 4155 670 4236 probe.
712 4155 755 4216 lllt
773 4152 902 4234 plautus
922 4152 953 4212 in
969 4150 1095 4214 cassina
1115 4148 1207 4210 simili
1228 4143 1321 4208 modo
1344 4144 1395 4209 ait
1418 4146 1496 4208 Me·

347 4295 408 4356 lius
429 4271 633 4368 isoulpone'as
654 4280 765 4368 quibus
785 4244 908 4348 battua}
945 4244 1056 4346 tihios.
1078 4299 1177 4343 senex
1198 4278 1399 4362 nequissime.

266 4476 493 4498 Μ

286 4550 317 4614 8)
336 4550 385 4599 Die
402 4550 497 4597 Lesart
514 4540 725 4608 municipatum
740 4541 843 4593 sohelnt
859 4540 908 4592 mir
925 4541 964 4591 die
982 4539 1069 4605 einzig
1085 4540 1209 4604 richtiga.
1226 4537 1305 4607 Vegl.
1323 4539 1352 4590 S.
1369 4537 1416 4588 46⁴

287 4645 319 4701 a)
336 4643 373 4691 so
392 4640 459 4709 arreti
477 4637 535 4687 eine
555 4638 700 4697 heydener
716 4636 807 4699 [9⁶03
830 4632 869 4684 die
886 4631 986 4683 andere
999 4629 1102 4697 (lto),
1119 4632 1216 4681 sowie
1233 4631 1395 4682 dierener
1407 4626 1498 4694 (804.)

337 4732 400 4781 liert
417 4729 505 4793 polee,
516 4727 558 4777 die
575 4725 708 4777 Mediceer
724 4723 856 4777 Handsoh.
864 4724 1055 4787 phraraonis.
1066 4722 1197 4786 Psychae.
1214 4723 1318 4788 Richtlg
1334 4723 1369 4775 ist
1385 4724 1500 4775 inertes.
