3350 5334
211 352 234 403 Χ
606 343 652 389 Al)
675 339 791 388 ῢΑΊἮΜ
812 339 1064 387 PBRSBYTERUM·

293 526 384 588 marti
405 522 444 585 de
465 523 590 585 humine
611 520 818 584 sacrificabat.
862 517 955 600 Apud
977 502 1282 583 insulamblelncn⁴l
1295 510 1449 596 quodsa·

295 662 467 726 crillcatum
499 666 549 720 est
577 655 721 718 adnobus
750 650 949 715 cretensibus
975 658 1008 712 et
1036 666 1099 710 unc
1120 647 1200 708 locu.
1229 645 1259 708 id
1282 655 1332 707 est
1354 647 1450 708 timue

220 842 223 847 »
294 793 473 860 cortiuiensi
501 790 630 872 procule
652 789 738 850 locro
759 787 843 849 sicut
863 783 1028 847 solicrates
1046 781 1164 844 scribit.
1195 778 1262 844 Sed
1284 789 1452 862 postquam

297 924 535 991 atheniensibus
570 918 736 1002 displicuit.
768 923 922 997 ceperunt
960 914 1075 976 efferre
1110 929 1240 996 porcum
1279 917 1452 975 castratum

298 1078 392 1143 quem
415 1056 599 1121 uelrendum
623 1055 788 1118 uocabant.
809 1056 900 1135 quasi
921 1055 991 1113 sine
1011 1050 1148 1112 renibus.
1179 1049 1221 1110 Et
1242 1047 1324 1128 apud
1345 1065 1453 1111 roma·
1478 1076 1482 1081 ·

298 1216 357 1260 uos
365 1212 458 1260 uarro
469 1195 598 1276 scripsit
608 1193 732 1253 scitium
746 1191 918 1253 dentatum.
930 1189 1052 1251 centies
1065 1197 1097 1250 et
1109 1187 1205 1249 uicies
1214 1202 1377 1268 pugnasse
1387 1183 1457 1245 sin-

208 1366 213 1377 ·
298 1331 399 1415 gulari
422 1331 594 1391 certamine
624 1327 790 1388 cicatrices
812 1325 930 1388 habere
951 1332 1061 1386 centra
1083 1322 1198 1383 ·Χ[Ν·
1229 1327 1301 1402 post
1329 1330 1454 1400 tergum

300 1464 401 1525 nullas
421 1479 555 1523 coronas
574 1462 741 1541 accepisse
760 1460 929 1522 ‘XXXlll
947 1458 1084 1531 armillas
1101 1457 1212 1520 ·CXL·
1228 1462 1260 1518 et
1277 1454 1370 1517 istum
1387 1457 1457 1535 pri-

300 1614 383 1658 munr
405 1613 532 1658 sacrum
553 1594 669 1657 fecisse
692 1594 791 1654 murti.

223 1861 280 1925 Vl.
323 1860 440 1930 Bebius
468 1878 574 1923 macer
602 1860 661 1942 qui·
684 1859 836 1921 lestalla''
856 1857 985 1940 scripsit
998 1859 1162 1921 'sacrorum
1196 1858 1248 1925 ait.
1289 1858 1356 1920 llas
1378 1873 1460 1937 quac
1547 1926 1548 1931 γ

304 1991 448 2073 geminas
470 2000 616 2070 parerent
637 2008 715 2052 oues
736 1989 906 2054 sacrificari
930 2010 1000 2054 cum
1021 1991 1143 2052 duabus
1163 1976 1459 2073 agnis'altrinsecns

305 2123 456 2206 relrgatis.
488 2141 569 2204 quus
597 2140 675 2184 oues
709 2122 876 2205 ambiguas
904 2122 1012 2183 uocari
1041 2122 1131 2202 quasi
1163 2130 1339 2203 exutraque
1370 2131 1461 2205 parte

306 2240 420 2335 'agnes
443 2253 604 2320 habentes.

225 2391 297 2454 Vll.
341 2389 445 2451 Priori
465 2396 608 2469 tempore
628 2386 857 2466 subgrindiaria
886 2388 1006 2467 antiqui
1037 2386 1184 2449 dicebaut
1214 2388 1383 2467 sepulchra
1410 2387 1462 2452 iu·

307 2522 427 2584 lantum
450 2520 502 2601 qui
525 2519 657 2582 necdum
680 2520 761 2581 ‘Xlr
784 2520 852 2581 dies
873 2520 1070 2601 implessent
1094 2520 1169 2600 quia
1201 2539 1261 2584 uec
1286 2520 1381 2585 busta
1401 2539 1463 2603 pc·

306 2661 409 2716 terant
430 2650 503 2713 dici.
523 2670 561 2712 eo
585 2651 667 2733 quod
691 2668 768 2712 cesa
791 2669 875 2732 quae
907 2651 1162 2713 comburerentur
1193 2670 1256 2713 uon
1285 2660 1375 2715 erant
1403 2671 1465 2717 nec

309 2794 397 2847 tauta
418 2785 598 2845 immanitas
620 2782 783 2844 cadaueris
812 2801 896 2864 quae
923 2783 1026 2846 locum
1055 2793 1257 2850 tumesceret.
1306 2788 1399 2852 Unde
1427 2800 1461 2855 et

310 2925 431 2987 rutilius
450 2925 594 3004 geminus
617 2926 650 2984 in
672 2923 858 2984 astianactis
886 2922 1030 3005 tragedia
1061 2926 1113 2989 ait.
1156 2925 1276 2989 Melius
1296 2945 1462 3011 suggrun-

311 3054 445 3118 diarium
464 3054 559 3115 miser
580 3053 755 3134 quaesieris
778 3073 872 3136 quam
894 3055 1107 3138 sepulchrum.

230 3327 317 3389 Vlll.
359 3323 543 3385 Siliceruios
567 3321 629 3384 dici
651 3323 814 3384 uoluerunt
834 3340 931 3383 senes
953 3324 1012 3385 iam
1035 3344 1149 3388 curuos
1183 3328 1274 3409 quasi
1308 3330 1370 3392 iam
1404 3348 1462 3392 se·

313 3456 511 3541 pulchrorum
533 3475 659 3518 sucrum
683 3457 789 3518 silices
811 3466 985 3521 cernentes.
1006 3460 1098 3524 Unde
1121 3470 1152 3524 et
1166 3465 1283 3527 cintius
1299 3465 1467 3528 alimentus

312 3594 341 3654 in
363 3592 495 3655 historia
518 3591 557 3654 de
578 3594 692 3675 gorgia
723 3594 861 3685 leontino
893 3596 1000 3659 scribit
1028 3596 1147 3663 diceus.
1189 3599 1273 3677 Quia
1304 3598 1377 3661 dum
1407 3598 1470 3661 iam

313 3727 485 3789 silicernius
507 3726 601 3790 linem
625 3728 674 3789 sui
696 3728 848 3808 temporis
871 3737 1066 3809 expectaret.
1088 3731 1167 3793 etsi
1189 3731 1265 3793 mori
1284 3750 1346 3794 nnn
1361 3730 1471 3812 putuit.

318 3870 422 3921 tamen
445 3860 673 3923 infirmitatibus
687 3864 867 3928 ,insultauia

235 3993 339 4054 l'llll.
383 3994 471 4056 Acca
487 3995 659 4056 laurentina
673 3996 781 4056 romuli
795 3999 909 4062 nrrlriu
933 4009 1143 4062 consueuerat
1164 3999 1307 4082 peragris
1327 4002 1427 4062 semel
1440 4001 1471 4064 iu

317 4144 398 4188 anuo
416 4123 597 4186 sacrificare
613 4142 682 4187 cum
706 4127 787 4187 ·Xll·
810 4126 880 4190 liliis
896 4129 972 4190 suis.
993 4130 1182 4192 sacrificium
1200 4131 1475 4211 praecedentibus.

255 4431 286 4497 4)
304 4432 352 4481 Die
369 4430 570 4485 llandscbrlften
588 4435 677 4489 bleteu
695 4438 826 4506 buccea,
843 4441 993 4505 blemmca,
1010 4440 1153 4492 blennnm.

254 4530 284 4592 a)
302 4527 372 4578 Was
389 4525 460 4576 diese
479 4529 615 4579 uraaeler
632 4532 803 4583 Heudscbrllb
818 4534 880 4582 luat:
905 4545 924 4581 a
940 4533 1058 4599 duabus,
1078 4533 1208 4585 Cretensi
1223 4546 1281 4584 unc
1299 4534 1327 4583 et
1342 4545 1400 4584 uun
1417 4533 1478 4584 Iac·

303 4630 364 4683 cre,
381 4618 416 4669 ist
433 4620 482 4669 das
502 4619 591 4686 eiuuig
606 4623 737 4688 Blcbtige.
771 4626 826 4676 Der
844 4626 942 4676 Kreler
963 4624 999 4676 ist
1023 4627 1093 4677 eben
1116 4627 1165 4677 der
1189 4626 1319 4693 Timaea,
1345 4625 1479 4676 Timaeus
