3350 5334
255 375 499 459 Beuntuung
520 375 588 439 der
609 374 789 442 Glosseu
811 375 850 446 iu
872 374 1004 439 Atto‘s
1028 376 1306 460 Polytyohum.
1369 377 1412 442 93

175 562 264 624 Num
286 561 525 633 torentoromr)
548 569 581 623 et
601 559 687 622 acies
708 559 871 621 flosculum
894 559 922 619 si
943 558 984 620 sit
1095 628 1100 637 J

77 687 81 693 ·
175 669 395 751 Perpendiculi
418 676 580 749 praetores
602 675 745 747 poterunt
766 666 948 747 prospicere
968 668 1056 728 oudo.

175 776 300 837 Eruoae
322 783 477 858 quaerunt
497 773 555 835 sed
577 773 740 835 amrodere
764 793 864 851 more,
887 793 947 834 non
968 773 1050 856 quod
1072 774 1102 835 in
1123 795 1178 838 ore

174 884 302 965 Sapor
323 884 376 966 sit,
395 881 452 944 sed
478 890 511 943 ut
533 878 713 943 devorando
737 879 954 961 pessumdent‚
1112 962 1114 973 A

175 990 339 1067 Horticola
361 982 525 1073 repagulis*
542 1012 604 1077 ego
626 1009 706 1071 quos
728 991 857 1052 obstans
880 989 1051 1052 excludere
1072 967 1159 1053 curo.

176 1097 376 1175 Myropolom
400 1100 526 1181 adeant,
549 1099 726 1180 collyria
748 1099 897 1187 delegant
918 1108 949 1161 et
971 1101 1152 1163 alatrinorio
1172 1112 1307 1176 comant,

177 1207 221 1269 Ut
243 1204 376 1266 lucidum
398 1214 471 1284 post
493 1222 692 1284 opacumque
712 1214 887 1267 secernant
930 1207 1004 1267 Non
1024 1226 1085 1289 ego
1107 1208 1264 1288 letargum

177 1314 299 1375 Passus
322 1312 427 1375 officia
449 1307 624 1393 praesidum
1268 1312 1270 1317 ’

176 1418 301 1480 Pedere
322 1440 504 1501 praesumo,
526 1418 583 1482 sed
605 1440 667 1482 non
689 1420 872 1482 temeranda
895 1422 1028 1504 castigo.

178 1526 290 1606 Inepte
312 1506 399 1609 quod
416 1522 516 1587 retuli
528 1527 588 1587 iam
604 1526 675 1607 quia
696 1544 796 1608 grave
818 1535 868 1586 est
889 1527 1013 1587 comioii
1033 1524 1187 1588 scandere
1207 1526 1382 1617 summum

178 1630 351 1713 Captivam
373 1645 404 1697 et
425 1636 574 1719 subigere
595 1640 740 1716 patriam,
763 1636 956 1717 alterumque
976 1636 1120 1696 frustrari
1141 1637 1232 1700 solio.

177 1740 332 1816 Pornia4)
354 1750 387 1804 et
409 1743 524 1825 praeda
547 1745 617 1825 quis
638 1745 700 1805 hoo
722 1745 782 1806 etsi
801 1720 938 1824 deneget
960 1743 1034 1822 erit3
1076 1810 1079 1831 .

176 1848 301 1911 Pellere
325 1857 492 1934 primatum
515 1856 619 1936 potius
640 1857 819 1937 amplexum
843 1863 894 1917 est
916 1874 1006 1936 quam
1030 1855 1155 1917 auferre
1176 1854 1313 1938 iugalem

177 1958 304 2022 Ducere
324 1962 493 2044 inelegum.

178 2068 230 2129 An
251 2066 355 2130 levius
379 2060 501 2151 proprio
523 2091 583 2132 non
606 2071 668 2132 fert
689 2073 797 2134 exulat
821 2071 873 2152 qui
893 2072 998 2133 limine
1020 2056 1154 2141 tractus.

176 2175 333 2238 Premitur
355 2177 384 2238 in
406 2179 486 2258 ipso,
508 2187 542 2239 ut
563 2180 639 2241 baro
649 2179 692 2258 5),
716 2200 808 2263 qnam
833 2181 885 2261 qni
901 2182 1042 2267 rusticus
1064 2180 1287 2263 alteriuslinibi

177 2280 383 2347 Condensare
401 2307 540 2365 promor,
564 2307 644 2370 quos
666 2297 825 2350 struxerat
846 2289 915 2365 sibi,
936 2287 1139 2349 remordeat
1158 2285 1232 2348 iude

177 2390 278 2455 Cuius
303 2394 427 2476 absque
446 2396 512 2457 iure
534 2384 724 2475 parumper?

182 2501 362 2562 Vadatuooe
380 2502 605 2577 nummelltst),
632 2511 663 2563 et
685 2505 867 2581 abstemius,
892 2500 953 2563 sint
974 2499 1045 2564 dnm
1068 2499 1169 2564 diruta
1189 2510 1313 2563 cuncta

178 2606 317 2670 saviis
339 2611 391 2688 qui
413 2611 567 2691 propriam
589 2616 689 2674 cernit
711 2612 849 2672 mulcere
871 2619 1055 2687 matronam,

178 2713 219 2774 Et
239 2732 318 2775 suae
339 2725 484 2796 nepotem
504 2716 641 2778 familiae
661 2717 693 2777 vi
715 2718 831 2778 sentiat
855 2735 1052 2796 corrumpere
1073 2714 1290 2795 hymenaeum,

178 2821 296 2887 Earum
319 2826 390 2904 quin
413 2824 510 2907 etiam,
530 2835 570 2905 et
584 2824 731 2887 deludere
752 2842 868 2906 procos
889 2843 948 2904 spe
968 2825 1132 2886 clientelae
1152 2821 1287 2907 seducta

178 2933 302 3014 Arguat
323 2932 416 2994 alicui
438 2932 572 3009 difficile,
597 2935 624 2996 si
646 2934 726 2996 haee
748 2942 807 3008 est,
832 2934 985 2996 invadere
1007 2951 1150 3016 regnum.

122 3072 127 3085 ι
177 3036 394 3117 Polemum⁷)‚
417 3041 499 3121 quod
522 3042 594 3103 hinc
616 3051 676 3118 est,
698 3043 747 3104 eui
769 3040 929 3104 oriendum
953 3041 1091 3103 delectat

142 3144 145 3155 ’
178 3148 315 3230 Oppetet
338 3150 456 3212 interea
478 3150 559 3213 forte
581 3150 790 3231 barathroque
811 3151 954 3219 decedet.

177 3258 281 3323 lnhiat
303 3256 480 3338 descriptos
504 3261 639 3322 caeteris
660 3258 718 3322 sed
741 3261 794 3341 qui
815 3279 927 3341 parare
949 3276 1121 3340 maerores,

178 3367 343 3439 Avernum
364 3377 418 3428 aut
438 3370 573 3451 ignorat,
597 3367 776 3457 impavidus
798 3377 853 3430 aut
873 3375 1032 3448 expectet.

180 3474 283 3553 Quem
305 3476 373 3556 ipse
395 3478 530 3539 omniurn
551 3490 639 3539 sator
660 3479 771 3540 volvet
791 3478 823 3539 in
844 3481 1047 3558 sententiam,
1263 3560 1266 3566 Ι
1368 3542 1372 3549 .

179 3580 224 3651 Ut
244 3584 283 3644 ab
304 3583 367 3647 hoc
389 3583 532 3649 discedat
552 3604 634 3646 nevo
656 3564 801 3666 ignobilis
826 3586 886 3647 sub
911 3595 1027 3666 eatque
1051 3582 1144 3663 futuri
1165 3581 1367 3663 supplicium„

181 3689 401 3773 Prognosticis
430 3694 627 3773 omnipotens
649 3693 749 3776 igitur„
765 3711 858 3775 quem
880 3693 946 3754 suis
967 3691 1035 3753 vult
1057 3698 1218 3759 ostentare
1237 3686 1377 3782 dignum,

181 3795 246 3873 Vel
269 3784 433 3879 procerum
456 3819 516 3862 uua
537 3802 658 3882 quaerit
680 3803 815 3867 omniurn
837 3820 1026 3883 promovere
1047 3806 1237 3879 conventus,

182 3906 277 3995 iuvat
299 3914 331 3968 et
353 3926 444 3988 quem
473 3910 595 3988 patrius
616 3927 702 3971 amor
723 3902 762 3979 ad
783 3907 813 3969 id
835 3908 979 3982 decorus,
1002 3912 1170 3968 vacantem

182 4014 325 4085 ll'asest
346 4015 521 4078 ascendere
541 4016 694 4091 thronum,
719 4037 788 4087 cum
811 3996 949 4087 antestet

183 4121 250 4187 Sed
271 4133 387 4191 caveat
408 4123 491 4204 quod
513 4126 626 4211 populo
647 4144 688 4185 ue
709 4128 843 4186 dividiae
866 4131 1042 4209 crescant,'

183 4231 264 4303 urus
285 4231 343 4323 sed
363 4251 528 4326 ascensus,
548 4239 699 4305 iustitium
721 4243 754 4296 et
774 4233 802 4295 si
825 4235 867 4294 sit
888 4239 1052 4293 removeat
1074 4248 1174 4294 omne.

185 4338 237 4403 Ad
260 4360 393 4423 regnum
415 4344 578 4405 evaserint
599 4343 650 4423 qui
673 4341 728 4404 tali
748 4341 871 4402 satione
893 4339 1019 4403 felicem
1110 4396 1113 4401 .
1219 4396 1222 4405 ,

184 4449 338 4511 Poterant
358 4449 482 4515 beando
503 4450 584 4517 diem
606 4450 738 4512 forsitan
759 4448 890 4530 patriam
912 4446 1052 4508 obtinere
1072 4463 1262 4527 supremum.
1316 4510 1320 4519 ,
1371 4492 1386 4515 x,

187 4556 376 4638 'l'yrannidis
397 4561 484 4625 exuti
504 4560 591 4625 luent
613 4578 745 4640 poenam
758 4558 866 4626 ceteri,
889 4574 979 4635 quum
996 4563 1028 4617 et
1041 4560 1258 4637 protraxerunt
1270 4549 1428 4629 tenenda.

187 4664 369 4730 Pandecteu
379 4669 408 4740 ⁸)
429 4683 571 4729 reserare
592 4670 720 4747 poterit,
742 4666 922 4737 romentffl)
944 4664 1024 4725 haee
1046 4664 1076 4723 io
1097 4662 1266 4744 gymnauo
1288 4659 1381 4723 vobis
1388 4676 1399 4738 3
