3350 5334
476 934 639 1039 codex
656 957 995 1039 Bruxellensls
1015 966 1093 1032 Nm.
1118 964 1270 1043 inccta)

337 1125 543 1209 Incipiunt
566 1125 756 1209 illosum
778 1128 987 1225 Fulgentii
1010 1125 1056 1187 ad
1079 1122 1215 1188 Catum
1238 1119 1368 1185 Pr'bnt.

226 1353 229 1361 .
317 1301 370 1362 Ne
392 1300 431 1362 de
453 1310 575 1363 tuorum
597 1300 722 1363 domine
744 1308 982 1381 praeceptorum
1009 1301 1102 1364 serie.
1133 1287 1217 1361 nmm
1246 1300 1381 1379 quisquc
1402 1294 1470 1359 l‘or*

233 1413 322 1469 tasse
355 1407 596 1470 inobedientiam
631 1417 754 1489 putaret
790 1418 945 1472 curtasse.
983 1408 1115 1469 libellum
1153 1410 1247 1469 etiam
1286 1426 1379 1490 quern
1408 1406 1470 1466 olr-

103 1574 106 1587 ,
234 1508 349 1585 strusis
382 1517 579 1579 sermonibus
612 1534 725 1597 parare
756 1516 887 1577 iussisti.
919 1515 951 1576 in
979 1524 1126 1597 qnantum
1158 1520 1330 1577 memoriae
1360 1522 1474 1575 enteca

233 1624 410 1706 subrogare
432 1626 540 1705 potuit.
562 1624 738 1687 absolutum
762 1626 899 1688 retribui.
930 1645 992 1686 non
1016 1634 1078 1688 tam
1103 1625 1274 1706 phaleratis
1294 1639 1472 1683 sermonum

233 1732 398 1795 studentes
420 1734 549 1812 spumis.
574 1751 665 1814 quarn
687 1751 789 1793 rerum
814 1733 1118 1796 manifestationibus
1141 1732 1254 1793 dantes
1277 1749 1403 1813 operam
1421 1728 1472 1789 ln-

233 1839 388 1907 cidandis.
431 1841 452 1903 I.
485 1839 569 1918 Quid
599 1842 641 1902 sit
668 1840 838 1922 sandapila.
883 1842 921 1905 II.
951 1841 1032 1918 Quid
1061 1844 1102 1902 sit
1131 1838 1264 1921 uispillo.
1306 1842 1361 1902 III.
1391 1837 1475 1916 Quid

183 2014 187 2019 ,
233 1950 432 2029 polinctores.
476 1948 546 2012 lIII.
576 1948 661 2028 Quid
690 1954 829 2013 manales
859 1952 988 2031 lapides.
1032 1951 1070 2011 V.
1106 1951 1188 2028 Quid
1219 1949 1360 2011 nascendi
1390 1967 1475 2010 sues·
1592 2012 1603 2025 ,

232 2051 290 2117 VI.
314 2055 395 2134 Quid
418 2058 582 2139 ambignae
603 2076 694 2120 oves.
736 2059 808 2117 VII.
832 2058 914 2136 Quid
938 2057 1175 2138 srrbgrnndarin.
1208 2060 1295 2122 VIII.
1320 2058 1404 2135 Quid
1426 2061 1474 2120 si-

230 2167 388 2229 licernios.
430 2166 534 2227 VlIlI.
560 2162 644 2241 Quid
667 2166 792 2225 urnales
819 2162 884 2226 ir's.
928 2168 967 2228 X.
999 2165 1081 2242 Quid
1114 2168 1237 2246 iniuges
1262 2164 1371 2231 bones.
1415 2164 1471 2230 XI.

233 2273 317 2352 Qnid
334 2290 491 2335 semones.
536 2273 608 2335 XII.
631 2271 715 2349 Quid
737 2273 902 2334 blaterare.
945 2274 1030 2339 XIII.
1066 2274 1150 2350 Quid
1174 2275 1328 2335 luscitina
1370 2277 1473 2338 XIIII.

234 2378 319 2457 Quid
341 2380 485 2442 tutulum.
526 2380 600 2443 XV.
624 2378 706 2457 Quid
729 2380 803 2441 orla.
837 2380 927 2442 XVI.
950 2380 1032 2459 Qnid
1057 2384 1226 2463 problema.
1260 2384 1364 2446 XVII.
1388 2383 1472 2462 Quid

230 2490 364 2570 pumilio.
406 2488 528 2549 XVIII.
551 2485 634 2564 Quid
655 2489 756 2550 sutile.
800 2489 938 2549 XVIIII.
969 2489 1050 2563 Quid
1082 2491 1247 2571 friguttIre.
1290 2494 1366 2557 XX.
1389 2491 1473 2568 Quid

171 2626 173 2630 ·
232 2598 456 2659 textnnlitium.
488 2595 578 2655 XXI.
601 2593 683 2673 Quid
701 2594 896 2674 isculponea.
926 2597 1031 2658 XXII.
1049 2596 1132 2674 Quid
1148 2599 1329 2660 catIllatnm.
1353 2600 1474 2661 XXIII.

133 2696 135 2700 Α
232 2708 314 2785 Quid
346 2726 473 2788 promus
504 2720 536 2768 et
567 2706 697 2769 condus.
741 2708 879 2767 XXIIII.
911 2704 992 2783 Quid
1025 2710 1198 2785 suppetiae.
1247 2707 1355 2769 XXV.
1390 2705 1473 2783 Quid

230 2815 345 2876 cautio.
404 2813 528 2876 XXVI.
569 2813 651 2890 Quid
686 2832 777 2874 mona
800 2813 943 2875 sisterna.
1005 2814 1143 2874 XXVll.
1188 2813 1270 2890 Quid
1314 2815 1472 2881 antistare.

221 2922 383 3015 XXVIII.
415 2919 497 2998 Quid
520 2923 633 3002 istega.
678 2920 847 2982 XXI'IIII.
880 2918 963 2996 Quid
995 2918 1124 2982 lembus.
1166 2922 1273 2986 XXX.
1307 2923 1389 2999 Quid
1421 2941 1474 2982 ra-

232 3043 346 3120 mentp.
388 3030 511 3091 XXXI.
535 3027 618 3106 Quid
641 3027 828 3092 diobolares
871 3028 1005 3089 XXXII.
1034 3030 1115 3105 Quid
1138 3031 1276 3093 ueruino.
1321 3032 1472 3094 XXXIII.

232 3141 314 3220 Quid
337 3138 480 3203 diuidiae.
523 3137 690 3198 XXXIIII.
715 3134 797 3212 Quid
821 3136 981 3197 iustitium.
1025 3137 1165 3198 XXXV.
1196 3137 1278 3215 Quid
1301 3139 1472 3221 corrigium.

217 3250 385 3327 XXXVI.
418 3246 501 3325 Quid
532 3243 673 3306 dealduo.
715 3237 888 3303 XXXVII.
921 3242 1004 3320 Quid
1033 3244 1134 3306 dccci.
1176 3247 1360 3308 XXXVIII.
1392 3246 1473 3325 Quid

232 3358 436 3420 ientaculum.
477 3353 683 3416 XXXVIIII.
708 3352 792 3429 Quid
821 3351 966 3413 edulium.
1010 3353 1081 3413 XL.
1104 3352 1187 3430 Quid
1209 3363 1346 3418 tucceta.
1388 3357 1474 3424 XLI.

233 3468 316 3546 Quid
339 3465 504 3528 ferculum.
547 3462 648 3525 XLII.
672 3460 753 3539 Quid
770 3462 936 3548 ‘miropola
969 3464 1089 3525 xultl.
1111 3463 1194 3540 Quid
1210 3466 1312 3527 celox.
1342 3465 1475 3528 XLIIII.

234 3577 316 3656 Quid
355 3578 516 3639 celibatus.
572 3575 675 3638 XLV.
721 3572 803 3649 Quid
842 3577 1010 3635 exercitus.
1067 3575 1186 3636 XLVI.
1224 3575 1307 3654 Quid
1346 3586 1475 3662 metare

237 3687 372 3748 XLVII.
397 3684 479 3762 Quid
510 3685 626 3766 ualgia.
669 3682 821 3744 XLVIII.
852 3681 933 3760 Quid
965 3696 1150 3745 summates
1192 3685 1362 3749 XLVIIII.
1392 3683 1474 3762 Quid

237 3797 448 3877 presegminu.
492 3794 529 3853 L.
553 3791 636 3869 Quid
658 3810 804 3873 congero.
837 3792 890 3852 LI.
914 3792 998 3869 Quid
1020 3794 1150 3857 cistella.
1182 3795 1252 3856 LII.
1276 3795 1360 3879 Quid
1377 3795 1475 3856 fabre.

238 3904 321 3965 LIII.
346 3901 430 3980 Quid
451 3910 629 3981 peccatum.
672 3900 771 3961 LIIII.
804 3899 887 3990 Quid
920 3904 1066 3962 aricinos
1108 3903 1180 3963 LV.
1217 3901 1297 3979 Quid
1330 3902 1474 3964 culleum.

238 4013 325 4074 LVI.
362 4009 445 4089 Quid
478 4009 663 4071 aluncInare.
706 4008 808 4070 LVII.
839 4008 921 4086 Quid
950 4013 1096 4094 elogium.
1138 4013 1257 4073 LVIII.
1288 4011 1370 4089 Quid
1399 4014 1474 4074 lixa.
1564 4058 1568 4067 .

237 4120 371 4184 LVIllI.
402 4118 486 4197 Quid
514 4118 636 4180 sudum.
679 4120 749 4180 LX.
783 4118 868 4196 Quid
898 4120 1022 4181 luteum.
1066 4121 1150 4182 LXI.
1180 4120 1262 4199 Quid
1294 4108 1475 4186 abstemius,

236 4229 339 4291 LXII.
364 4226 445 4305 Quid
467 4226 612 4289 uadatus.
635 4228 749 4288 LXIII.
767 4225 849 4304 Quid
861 4228 1013 4292 manubie.
1037 4228 1169 4290 LXIIII.
1192 4228 1276 4306 Quid
1294 4238 1475 4295 aumatium.
1560 4222 1564 4226 ’

239 4338 344 4399 LXV.
369 4335 452 4416 Quid
477 4335 667 4398 delenificns.
711 4336 869 4416 Incipit.

245 4472 489 4488 —w

257 4546 287 4605 *)
305 4548 349 4595 lclr
366 4548 432 4596 babo
448 4547 514 4595 mici
533 4543 645 4608 bemiiln,
663 4558 694 4593 ao
712 4545 764 4594 viel
782 4546 824 4594 als
843 4545 954 4608 moglieb
972 4545 1012 4595 dle
1036 4544 1237 4613 Abkrirnungen
1261 4550 1313 4597 und
1336 4548 1474 4613 sonstigen

274 4670 284 4693 .
309 4635 604 4701 ElgeurlrttanIenkeiten
634 4634 724 4684 belder
741 4633 944 4684 llandselrristeu
963 4636 1170 4688 beiznbebalten.
1212 4637 1293 4693 Daci,
1310 4649 1411 4693 incanta
1434 4643 1475 4693 iclr
