3350 5334
219 374 282 425 vlu
611 372 659 419 Au
680 372 794 420 usuum
815 371 1070 423 PRESEY'I'ERUM,

239 542 264 607 1.
306 538 509 623 sandapilam
531 538 590 603 dici
610 540 778 602 uoluerunt
799 537 917 620 antiqui
945 537 1094 600 feretrum
1120 543 1321 599 mortuorum.
1348 536 1381 600 id
1410 546 1461 605 est

203 668 204 671 ’
302 673 437 736 loculum
459 690 522 734 nou
543 673 637 754 inquo
659 671 805 734 nobilium
828 688 962 751 corpora
983 669 1090 732 sedin
1113 687 1176 751 quo
1197 670 1393 755 plebeiorum
1407 679 1462 735 at·

303 825 367 889 quo
402 804 642 889 dampuatdrum
677 801 835 866 cadauera
871 800 1086 884 portabantur.
1138 796 1202 866 Sid
1232 802 1465 870 Stesimbrotus

304 941 434 1003 Stasius
462 939 502 1002 do
530 946 631 1001 morte
657 937 820 1019 policratis
851 936 937 1021 regis
960 937 1129 1000 samiorum
1153 935 1323 1019 descripsit
1344 936 1464 1004 dicens.

304 1074 518 1154 Posteaquam
548 1071 589 1135 de
620 1087 717 1135 cruce
745 1070 909 1152 depositus
937 1079 996 1133 est.
1029 1069 1212 1152 scandapila
1233 1070 1329 1137 etiem
1348 1071 1465 1156 depor-

304 1212 390 1268 tatus
410 1215 469 1268 cst.
910 1182 914 1187 ¹
1050 1285 1055 1294 ·
1105 1284 1110 1295 ·
1151 1284 1156 1294 .

257 1382 266 1399 .
308 1336 504 1420 Vispillones
532 1335 608 1401 dicti
635 1346 710 1400 snut
737 1337 848 1416 baiuli3
877 1285 1232 1419 quamudfmldddl‘mas
1254 1336 1467 1422 heracleopo-

309 1471 380 1533 lites
401 1469 582 1553 uispillones
604 1468 777 1532 nudatores
799 1468 993 1532 cadauerum
1016 1465 1076 1531 sic*
1096 1470 1126 1531 iu
1148 1470 1278 1534 historia
1305 1471 1467 1537 alexandri

307 1602 492 1668 macedonis
514 1604 641 1686 scripsit
662 1603 783 1667 dicens.
808 1605 976 1687 plusquam
1001 1612 1160 1667 trecentos
1181 1605 1374 1669 cadauerum
1398 1609 1469 1670 nis-

308 1737 443 1819 pillones
463 1736 645 1819 repperiens
667 1738 814 1799 crucibus
837 1737 915 1800 lixit.
958 1738 1080 1799 'lamen
1102 1755 1269 1800 mnasseas
1289 1738 1417 1820 scripsit
1437 1739 1468 1803 in

308 1889 427 1952 ourupc
455 1869 532 1931 libro
553 1869 721 1950 apollinem
744 1877 951 1952 posteaquam
973 1871 1012 1933 ab
1034 1872 1107 1934 ioue
1127 1873 1232 1935 uictus
1253 1880 1349 1963 atque
1369 1873 1471 1934 inter-

311 2004 414 2079 fectus
437 2012 488 2067 cst
509 2023 528 2066 a
550 2004 766 2098 uispillonibus
788 2007 829 2069 ad
850 2009 1042 2099 sepulturam
1064 2008 1199 2080 delatus,

234 2607 290 2669 ill.
331 2607 537 2671 Pollinctores
559 2608 633 2672 dicti
654 2617 727 2687 sunt
747 2612 838 2690 quasi
860 2608 1033 2690 pollutores
1054 2617 1202 2670 unctores
1221 2606 1250 2669 id
1267 2615 1319 2669 est
1334 2606 1474 2669 codano-

314 2758 380 2800 rum
403 2750 575 2811 curatores.
597 2740 681 2805 unde
702 2749 734 2804 et
756 2740 898 2823 apuleius
919 2742 950 2802 in
971 2740 1158 2822 hermagora
1169 2740 1223 2802 ait.
1237 2739 1392 2809 Pollincto
1407 2743 1477 2801 eius

317 2871 426 2933 iuuere
448 2870 523 2939 dum
544 2872 722 2941 unctionem
736 2875 762 2945 1)
781 2890 939 2953 paremus.
1344 2961 1367 2974 .

236 3043 307 3112 1111.
349 3043 459 3105 Labeo
475 3043 526 3126 qui
542 3043 723 3123 disciplinas
738 3054 881 3105 etruscus
898 3041 1053 3127 sntcgetis
1077 3050 1109 3103 et
1130 3044 1271 3108 haubidis
1293 2981 1363 3108 xil
1384 3048 1478 3110 uolu-

319 3177 453 3242 minibus
466 3181 645 3262 cxplananit
655 3183 701 3242 ita
716 3181 767 3244 ait.
790 3178 888 3240 librae
902 3180 1054 3252 iecorisss)
1070 3179 1256 3243 sandaracei
1272 3183 1387 3243 coloris
1404 3181 1476 3245 dum

320 3315 435 3378 suerint
455 3315 594 3376 manales
615 3322 691 3376 tunc
710 3334 838 3378 uerrere
860 3334 941 3396 opus
963 3327 1013 3376 ost
1035 3324 1152 3398 petras.
1174 3314 1203 3378 id
1226 3326 1275 3379 est
1291 3334 1372 3400 quas
1391 3321 1480 3381 solc-

321 3448 398 3515 bant
418 3448 538 3529 antiqui
559 3447 590 3507 in
611 3447 736 3509 modum
760 3448 961 3510 cilindrorum
984 3470 1039 3531 per
1056 3451 1169 3513 limites
1187 3453 1312 3514 trabere
1335 3475 1391 3537 pro
1408 3456 1481 3538 plu·

324 3581 395 3642 uiae
414 3562 638 3643 'commutanda
661 3582 774 3662 iuopia.

245 3844 285 3907 V.
327 3846 536 3928 Dyopbantus
565 3846 802 3913 lacedemonius
829 3850 880 3930 qui
916 3848 956 3909 dc
988 3850 1092 3911 sacris
1120 3849 1247 3913 deorum
1279 3851 1408 3933 scripsit
1430 3849 1483 3913 uit.

327 3979 421 4062 Apud
444 3980 576 4049 athenas
605 3983 709 4043 solere
737 3980 912 4053 sacrificari
939 3999 1064 4045 sacrum
1096 3983 1180 4059 quod
1203 3960 1357 4078 deceptori
1374 3978 1484 4062 porio-

328 4132 441 4174 neuma
451 4116 479 4180 ³)
502 4115 683 4195 appellatur.
727 4114 836 4194 Siquis
859 4114 939 4183 onim
962 4125 1090 4185 centum
1122 4115 1232 4185 hostes
1262 4096 1483 4184 interfecisset.

312 4373 378 4422 Eine
405 4369 546 4432 heydencr
572 4367 635 4433 (96)
660 4370 831 4418 ilaudscbrift
858 4370 919 4418 liest
945 4367 1174 4421 domoictr‘cncm.
1210 4367 1289 4423 Diese
1313 4371 1367 4423 und
1394 4369 1484 4429 Attu’s

313 4467 414 4521 hasart
432 4461 516 4526 (vrgl.
534 4462 563 4509 S.
581 4462 626 4509 96.
645 4461 677 4509 Z.
697 4459 737 4521 b.)
755 4461 833 4509 weist
852 4462 901 4509 aus
915 4460 1118 4509 domuitionem
1136 4460 1188 4508 bin.
1206 4460 1286 4524 Vrgl.
1305 4464 1334 4509 s.
1352 4460 1398 4510 30.

264 4372 294 4438 1)

263 4555 294 4621 Β)
312 4558 359 4606 Die
376 4553 580 4604 flundschrliten
597 4554 682 4602 baben
700 4554 807 4603 iecoris
825 4555 896 4603 uicbt
914 4552 1044 4601 iocinoris.

261 4653 298 4733 u)
315 4656 363 4715 Die
381 4657 486 4729 spureq
504 4653 551 4714 der
573 4652 794 4714 uandscbrltten:
823 4653 962 4713 ecatorrpe
977 4650 1124 4720 (encoma,
1157 4649 1300 4701 ecatombe
1317 4650 1481 4716 faurama,
