3350 5334
272 342 315 409 92
370 343 612 429 Benutuuug
632 343 701 406 der
721 341 896 407 Glossen
915 343 955 405 in
976 344 1097 406 Attos
1118 341 1425 427 Polyptycbum.

274 530 449 592 Dumtaxat
469 544 575 608 nugae
594 545 723 608 quorum
744 530 777 588 in
799 525 953 601 talione‘l)
975 524 1146 591 redduntur

274 622 439 716 Deieaisiei
457 641 568 697 vester
586 637 737 715 pleuroou
758 654 819 697 nou
842 633 945 715 durat,
966 628 1039 695 dnm
1060 634 1185 713 angitur

274 742 474 825 Panegyrico
494 741 620 804 videtur
641 742 809 816 lucretia)
830 741 1008 822 exprimere
1027 743 1141 802 solnm

273 853 461 932 Helluones,
484 853 623 923 eruant)
645 844 799 914 conclave
818 868 881 911 vos
903 851 931 911 si
953 849 1127 929 suspendat
1149 849 1187 911 ab
1210 866 1282 929 uno,

274 962 355 1023 Mox
376 961 584 1032 catillandoss)
605 962 713 1040 procul
734 960 926 1020 ientaculum
946 958 997 1018 vel
1018 954 1178 1033 insectari,

275 1064 442 1129 'temetum
464 1065 669 1145 exteriusque
688 1065 797 1139 libare,
814 1058 980 1145 se'roaiumv
997 1071 1029 1125 et
1050 1064 1119 1145 ipse
1140 1061 1355 1144 gyrando,-

276 1163 341 1235 Vel
362 1171 553 1242 obolaml)
575 1174 606 1232 iu
627 1190 762 1254 ganeo
785 1169 924 1249 deficiat,
946 1171 972 1230 si
995 1170 1056 1230 boc
1079 1188 1192 1251 parare
1213 1167 1342 1250 curatis,

276 1283 442 1345 Abscessu
465 1286 586 1341 remota
607 1280 634 1340 si
649 1274 773 1359 'praedii
794 1279 845 1347 sit,
869 1277 921 1338 vel
940 1277 1128 1340 auctoritato
1148 1278 1298 1358 privetur.
1327 1278 1333 1323 ἶ

278 1393 354 1456 Non
377 1388 502 1468 crapula
525 1385 678 1468 differtur,
699 1396 870 1466 utcumque
1360 1362 1364 1375 ’

278 1493 517 1580 Praegravidus
538 1492 685 1554 acerbum
706 1491 863 1571 reppellat
884 1489 957 1553 dum
980 1490 1172 1572 aqualiculus
1191 1491 1323 1555 fascem.

275 1598 477 1671 Fratcrailaa
499 1603 529 1662 in
552 1602 645 1662 vobis
668 1601 797 1676 arcolio,
817 1617 879 1679 quo
898 1598 969 1661 'sola
991 1612 1052 1685 est,
1073 1599 1188 1661 latetur
1306 1600 1310 1609 ’

279 1715 310 1777 Α
332 1710 433 1775 vobis.
474 1711 540 1770 lam
564 1707 679 1789 quibus
698 1707 831 1770 sarciam
841 1710 882 1788 8),
905 1716 1004 1770 staret
1025 1710 1059 1770 ‘ut
1078 1728 1119 1769 ae
1135 1711 1291 1792 samaia,

280 1818 349 1883 Sed
369 1817 511 1902 vergitur
534 1815 615 1896 quod
638 1826 768 1896 pectore
789 1817 909 1879 vulnus
929 1816 1010 1880 haec
1030 1814 1060 1877 iu
1081 1821 1168 1879 tenui
1189 1818 1286 1880 licorc

281 1926 495 2007 consumens,
516 1924 590 1985 hinc
610 1923 772 2003 foetorel)
794 1924 887 1986 bilem
911 1942 971 1984 non
994 1923 1106 1985 desinit
1128 1933 1240 1986 atrurn.
1305 1950 1307 1959 ·

276 2033 484 2117 sarcophaga
502 2036 660 2113 polioctus
671 2037 713 2108 ¹⁰)
736 2052 828 2115 quam
851 2024 934 2096 nunc
954 2054 973 2096 o
993 2036 1112 2097 tanturn
1136 2043 1288 2115 caperent
1307 2055 1371 2099 vos

278 2140 576 2220 Sabpraadariass)
601 2135 702 2222 priusl
737 2144 779 2205 Et
800 2145 977 2205 silicernius
1000 2141 1087 2206 obtat
1108 2145 1139 2204 in
1160 2144 1233 2206 istis

278 2250 315 2314 Si
337 2262 459 2333 pegaso
482 2266 544 2311 vos
565 2250 712 2330 protrahi,
735 2250 777 2312 a'd
798 2269 900 2331 usque
921 2262 985 2313 non
1004 2256 1151 2332 capulam
1171 2259 1296 2334 spectat

278 2360 360 2421 uum
384 2359 444 2421 sed
466 2376 522 2420 ora
543 2356 679 2420 iucunda
700 2360 882 2437 uispillones
900 2371 937 2421 et
958 2379 1060 2444 neque
1080 2361 1262 2425 sublustrat

276 2466 465 2531 Maaalibaa
486 2484 556 2527 nam
578 2461 695 2538 tincti)
717 2464 856 2528 validum
879 2468 979 2551 essct,

279 2575 370 2638 Caeli
391 2572 631 2649 uobis'l‘aciern,
656 2592 717 2635 non
739 2575 798 2636 viri
820 2583 870 2636 est
890 2574 1018 2638 inlicere
1039 2593 1178 2637 mosum.

278 2679 427 2745 Rictibus
447 2680 641 2746 bacchantes
663 2686 746 2766 quod
767 2687 908 2748 tristibus
928 2680 1057 2748 cassare
1077 2682 1234 2746 minamini

279 2786 400 2850 Verum
423 2785 462 2847 ad
486 2787 591 2852 levem
612 2791 736 2854 aemula
759 2791 914 2852 ducentos
937 2792 1115 2869 vulpinam)
1135 2798 1168 2850 et
1189 2806 1243 2850 ora
1261 2786 1498 2865 baubaturn¹²).

279 2894 468 2966 Aretiaa¹⁴l
491 2899 697 2976 cacabaut¹⁵)
719 2907 753 2959 ut
774 2894 901 2959 humida
924 2894 995 2958 curn
1017 2896 1177 2959 hauserint
1196 2895 1313 2978 ignem,
1424 2942 1435 2950 „

278 3001 336 3065 sio
359 3002 544 3065 temulentia
566 3005 671 3065 stultis
693 3004 793 3066 stitiat
815 3004 848 3065 in
869 3002 958 3082 ipsis.

277 3108 362 3187 Quid
383 3109 470 3171 taciti
491 3120 607 3191 respuo
629 3116 755 3183 nicteai,
779 3127 909 3191 quorum
931 3119 963 3172 et
979 3094 1144 3190 friyatiire
1165 3119 1342 3189 contemno,

279 3213 519 3301 Garrireque
539 3223 634 3279 acaci
655 3237 744 3299 pono.
786 3216 861 3280 Nou
884 3218 1051 3283 diobolaris
1074 3219 1112 3281 ed
1135 3220 1266 3285 naenias
1364 3241 1366 3247 ’

277 3326 404 3411 Lingua
425 3336 475 3389 est
496 3325 570 3388 mibi
591 3320 883 3410 defluens'quaque
904 3328 1046 3392 iniuriam
1068 3331 1143 3394 stilo
1222 3326 1225 3331 ’

279 3436 408 3500 Vestra'
423 3455 503 3510 meo,
527 3435 585 3498 sed
606 3439 634 3498 si
655 3438 837 3519 syngrapha
859 3428 1020 3523 moveant,

281 3547 334 3610 Ad
354 3547 497 3610 semnion
509 3547 551 3619 ¹⁶]
573 3546 708 3626 paginae
731 3555 795 3607 stat
817 3557 853 3609 ut
872 3556 1002 3610 nostrae
1023 3549 1187 3616 ducantur.

281 3656 359 3718 Mea
380 3675 473 3738 quam
495 3672 556 3717 uec
577 3655 686 3717 obelus
707 3655 857 3739 signabit,
878 3658 1047 3720 merebitur
1069 3704 1260 3727 .......

279 3804 750 3828 ................
772 3781 848 3825 cera
869 3784 951 3827 unus
974 3784 1048 3829 esse

281 3869 402 3933 Secula
424 3869 574 3943 turrixss)
597 3868 735 3950 cuspidis
756 3890 797 3932 ne
819 3870 982 3935 inhaereat
1001 3892 1135 3937 nocuum
1157 3876 1262 3961 sigim.

848 4073 876 4117 c.
902 4057 947 4119 lt

280 4211 421 4276 Dedistis
444 4211 536 4275 etiarn
557 4211 679 4292 populis
700 4214 884 4275 blaterando
905 4216 978 4278 licet
999 4236 1079 4299 quos
1098 4240 1180 4286 nuuc
1201 4223 1318 4290 sedare
1339 4247 1489 4295 rumores.

284 4323 442 4386 Futilibus
462 4323 488 4385 si
512 4321 625 4384 deinde
646 4323 794 4403 pullulent
814 4325 871 4387 sed
893 4325 1173 4410 harpagantibus¹l
1193 4332 1274 4415 ullis,

281 4431 440 4495 Urbanum
462 4430 493 4491 in
515 4430 592 4509 ipsis
614 4427 728 4492 dudum
749 4430 810 4493 ianr
833 4432 891 4496 erit
911 4441 987 4495 tunc
1007 4436 1163 4515 promissa
1182 4444 1272 4504 tucri.

315 4544 337 4557 ..
512 4556 516 4561 .
554 4524 606 4567 ,31
681 4528 754 4559 ιιιιΙ
808 4542 830 4561 ιιι
887 4532 904 4555 ἰ
952 4534 963 4557 υ
1056 4561 1058 4565 ,
1118 4550 1120 4553 .

296 4632 327 4701 ιι)
345 4635 384 4684 lat
400 4634 458 4684 bier
474 4630 603 4695 lapidibus
620 4628 811 4698 anagetallenl
