3350 5334
684 360 732 408 Ab
754 361 869 409 GA'PUU
890 360 1140 411 mmmmm.

368 528 460 597 Unde
479 548 551 594 oum
575 546 656 590 uirus
676 535 819 590 mortuus
839 537 928 590 esset
949 538 1077 611 propter
1090 531 1219 594 nutricis
1234 529 1370 615 gretiam
1385 528 1541 592 romulus
1601 540 1605 549 '

369 662 508 726 lotricem
530 662 672 725 deiunctl
693 679 733 724 se
752 660 934 724 succedere
952 663 1124 744 pollicetur.
1169 663 1260 727 Unde
1286 672 1318 726 et
1345 662 1425 725 ritus
1447 671 1538 742 pro-

370 797 469 861 oessit
489 813 559 858 enm
582 795 664 855 ·xil.
683 795 745 856 mm
764 793 919 874 deinceps
937 794 1117 859 sacrificari.
1141 804 1173 858 et
1187 796 1312 859 eructes
1325 794 1385 856 dici
1399 792 1537 857 iratres.

369 931 456 995 siout
482 930 605 993 rutilius
635 930 782 1012 geminus
813 920 954 991 inlibris
976 932 1185 993 mineruae
1205 929 1435 1011 pontificalibus
1457 943 1539 991 me-

374 1069 484 1125 tueret·
1347 1151 1352 1163 ι

235 1192 237 1197 ’
289 1197 331 1259 X
374 1198 547 1267 Manilius
565 1207 690 1261 mestus
705 1202 743 1260 in
765 1190 844 1260 libro
866 1216 958 1281 quern
981 1197 1020 1260 de
1043 1199 1174 1263 deorum
1195 1200 1301 1282 ymnis
1322 1198 1453 1280 scripsit
1478 1199 1538 1261 eit.

372 1329 536 1393 Mineruae
551 1332 678 1416 iniugee
693 1333 875 1397 sterilitati.
898 1331 994 1394 idest
1012 1350 1167 1416 reunquum
1189 1334 1299 1418 iugum
1315 1333 1464 1397 ferentem
1483 1326 1544 1399 iiie

372 1456 522 1525 uidelicet
542 1479 642 1527 coust
663 1459 745 1544 quud
769 1470 801 1524 et
827 1467 997 1546 uirginitas
1026 1465 1137 1548 iugum
1165 1466 1286 1530 neseiat
1318 1471 1473 1535 maritate.
1504 1474 1542 1537 et

374 1593 474 1657 uirtus
496 1612 651 1677 uunquam
672 1598 715 1658 sit
736 1598 812 1680 iugo
834 1599 1006 1679 prementis
1027 1599 1180 1662 subiecto.

292 1869 352 1932 xi.
395 1868 551 1930 semones
573 1864 634 1927 dici
655 1862 923 1927 uolueruntdeos
945 1880 1026 1944 quos
1045 1883 1105 1928 neo
1120 1865 1191 1927 celo
1210 1863 1324 1949 dignm
1339 1866 1541 1933 ascriberent

375 2000 417 2064 ob
447 1996 554 2061 meriti
579 1960 791 2077 pauperutem.
807 1988 907 2061 'siout
935 1997 1074 2078 priapus.
1104 2016 1215 2078 epona·
1250 2008 1442 2066 uertumnus.
1476 2022 1540 2069 nee

299 2186 303 2193 .
376 2141 521 2197 terrenos
543 2148 600 2193 eos
621 2128 775 2210 deputare
796 2127 921 2191 uellent
953 2128 1134 2211 pergratiee
1155 2131 1368 2193 ueneratione.
1400 2134 1486 2196 sieut
1507 2135 1539 2198 in

378 2243 623 2368 mistogf'sgerum
662 2262 739 2325 libro
775 2263 827 2324 eit
860 2228 1022 2325 ¹Semoue
1058 2280 1120 2353 qup
1155 2260 1259 2324 iniert’
1298 2265 1447 2331 derelicto
1483 2255 1538 2332 dri

377 2399 554 2481 depeunnto
575 2398 725 2461 orationis
745 2398 888 2459 attollam
910 2397 1043 2476 eloquio.

294 2520 383 2597 xit
412 2532 572 2601 Pacuuius
617 2532 648 2592 in
679 2527 824 2592 cendone
852 2525 997 2590 comedin
1027 2527 1148 2591 inducit
1184 2536 1375 2610 seepuruum
1411 2550 1537 2597 sernum

377 2664 511 2729 oneiiioe
531 2661 783 2745 respondentem.
806 2660 879 2722 Nisi
901 2679 963 2742 ego
986 2668 1018 2721 te
1039 2661 1257 2723 blatterentem
1280 2665 1464 2746 aspicerem.
1487 2667 1538 2731 his

377 2773 528 2859 nuceium
561 2794 741 2858 iudicarem.
775 2792 945 2854 blatterare
975 2796 1057 2854 enim
1094 2795 1185 2875 quasi
1219 2795 1316 2857 uerba
1348 2801 1536 2880 trepidantia

380 2938 466 2995 metu
487 2927 639 2988 balbutire
662 2924 818 2989 dixerunt.

299 3061 389 3141 Xlll.
431 3060 602 3125 hospicius
633 3057 693 3123 dici
725 3058 890 3119 uoluerunt
919 3056 1003 3146 indie
1033 3078 1142 3139 perum
1172 3057 1327 3121 uidentes.
1358 3079 1428 3143 quo·
1451 3069 1538 3148 greci

333 3278 338 3289 ι
381 3195 571 3276 meriopes
593 3201 717 3256 uoount.
750 3191 842 3257 Unde
866 3202 898 3254 et
919 3196 1045 3275 plautus
1066 3195 1096 3255 iu
1120 3199 1306 3257 mereatoris
1324 3195 1468 3260 mmedie
1486 3196 1536 3264 uit.

384 3328 500 3407 blitum
522 3329 628 3390 lolium
649 3327 794 3391 uictittre
814 3336 848 3389 te
868 3336 931 3393 tem
954 3329 1031 3391 uile·
1047 3328 1194 3393 triticum.
1221 3330 1297 3410 quie
1324 3330 1475 3395 tucci-rius·
1492 3348 1537 3398 us.

290 3514 293 3519 .
386 3462 504 3524 Dicunt
526 3459 609 3543 quod
630 3460 739 3522 lolium
759 3459 1001 3523 comedentibus
1023 3460 1106 3522 oculi
1129 3460 1347 3527 obscurentur.

303 3725 408 3789 Xllll.
426 3756 429 3761 ,
450 3722 554 3784 Varro
589 3719 620 3783 in
648 3717 879 3802 pontificalibus
907 3718 950 3780 eit
979 3679 1536 3798 tilniossecerdotesdieiorcninw)

388 3857 528 3919 deorum.
576 3855 683 3917 Numa
704 3832 724 3916 ul
745 3852 913 3933 pompilius
936 3854 1057 3934 etipse
1079 3855 1213 3916 tutulum
1240 3857 1295 3916 eit.
1318 3855 1476 3919 scribrens
1500 3855 1538 3919 de

387 3987 624 4072 pontificalibus
639 3986 767 4069 pellium
788 3958 850 4067 quo
871 3983 1057 4046 sacerdotes
1081 3993 1176 4066 ceput
1197 3985 1348 4048 tutabant.
1398 3983 1478 4048 Cum
1499 3986 1537 4050 sd

388 4119 581 4185 sacrificium
604 4117 831 4181 accessissent.
865 4115 946 4178 sicut
969 4127 1002 4177 et
1022 4116 1176 4197 uirgilius.
1199 4122 1231 4175 et
1249 4117 1355 4194 cupite
1376 4125 1451 4177 aute
1472 4134 1537 4180 eres

389 4255 482 4338 frigio
503 4253 649 4316 velemus
670 4254 795 4313 amictu.

323 4554 356 4621 e)
372 4553 513 4605 Breuium
530 4552 649 4602 deorum
666 4550 723 4615 gibt
733 4549 830 4601 lroirreo
845 4553 918 4602 Sion
937 4550 985 4601 ute
995 4553 1129 4603 Medicecr
1140 4554 1537 4621 (heydeneefflendsebribttt

375 4646 475 4699 b'rium
493 4642 621 4705 deorum,
639 4643 679 4692 dle
686 4642 799 4693 Wiener
815 4639 894 4695 broni.
912 4646 954 4693 zu
972 4645 1046 4695 lesen
1065 4646 1099 4696 ist
1116 4647 1207 4697 trium
1218 4648 1345 4700 deorum.
1363 4650 1480 4715 vrgia
1495 4650 1534 4700 te.
