3350 5334
455 382 458 391 ‘
507 393 553 445 Au
572 392 785 437 redanimata
807 389 1063 436 naannnrtcan.
1332 394 1416 446 xxm

262 558 376 635 Valgia
407 577 500 618 uero
531 564 628 618 snat
654 557 855 633 labellorum
875 559 1064 618 obtortiones
1092 539 1131 617 m(
1148 560 1416 622 subsannatione

255 693 345 766 parti
361 693 443 748 sicat
458 696 490 748 et
508 695 672 766 petroniae
688 694 740 787 aits
763 689 891 751 Obtorto
911 691 1024 764 anteit*
1037 689 1158 749 introito.

165 820 284 897 'Quill
301 826 388 881 sint
406 831 630 884 ruminatae.
654 823 761 898 Quid
779 825 998 902 simplotes.
1022 823 1302 911 Quidpaninm.
1317 823 1417 885 Sum·

262 965 363 1018 motos
392 956 543 1017 dictantur
571 957 635 1019 atri
659 961 810 1032 potentes.
858 954 1073 1033 Sympolotee
1095 961 1237 1016 eoaaiae.
1279 957 1365 1017 Nom
1388 964 1420 1017 et

263 1094 383 1152 amiens
410 1093 521 1168 sponsi
549 1095 605 1169 qui
640 1108 711 1150 eam
739 1110 774 1149 eo
799 1109 858 1167 per
885 1095 1032 1175 conuiuio
1063 1091 1210 1151 ornialat.
1237 1091 1420 1166 simpolator

261 1186 385 1289 dieitur.
429 1226 574 1288 Gnaeum
598 1247 672 1287 aero
693 1230 832 1287 taberna.
854 1230 939 1289 uode
959 1235 991 1288 et
1003 1233 1125 1290 sutriae
1147 1234 1181 1289 ia
1202 1233 1337 1305 comedia
1348 1236 1420 1310 pis-

262 1360 401 1422 catorum
424 1367 476 1422 ait.
495 1371 666 1442 summates
687 1369 752 1425 atri
769 1366 963 1441 sirapototes
980 1370 1064 1444 faeti
1082 1376 1160 1427 sant
1176 1373 1281 1445 penei.

181 1494 284 1570 Qatd
304 1500 391 1554 siat
414 1499 682 1573 preeepmr'aa.
702 1499 911 1573 Prrsepmiaa
926 1507 1136 1577 canipartes
1151 1505 1293 1578 eorporis
1310 1505 1420 1563 itroire.

264 1637 301 1690 nt
319 1635 423 1704 taper
443 1633 477 1687 ia
497 1631 689 1703 aruspicireis
711 1633 765 1689 nit.
808 1623 1066 1708 Praerpmiaibas
1089 1639 1267 1710 amputatis.

182 1761 290 1838 Quid
308 1765 366 1821 ait
386 1779 668 1841 congerrones.
711 1756 933 1839 Conperroare
953 1767 1173 1847 dioaatarqni
1200 1768 1306 1827 aliena
1327 1771 1370 1828 ad
1389 1792 1425 1830 se

263 1903 465 1971 congregant.
519 1896 612 1958 Unde
644 1903 676 1955 et
702 1899 790 1989 apud
817 1916 963 1958 romanoe
991 1917 1162 1974 perronae
1191 1907 1423 1966 druttiaaee

264 2038 344 2093 sant
363 2032 445 2090 atati.

1123 2128 1138 2154 1.
1151 2128 1199 2163 tres

185 2165 289 2241 Quid
312 2168 370 2225 sit
404 2164 607 2224 eteietella.
650 2161 753 2236 Quid
783 2166 1013 2239 crepundia.
1064 2166 1423 2251 Cletsteltoatplantne.

159 2257 162 2261 v
267 2299 427 2360 Cistellam
459 2299 538 2357 mitti
566 2302 659 2376 affere
692 2317 764 2357 eam
791 2288 978 2374 crepantes.
1010 2301 1046 2359 iel
1071 2309 1121 2361 est
1149 2322 1219 2364 eura
1248 2309 1425 2383 puerilibus

269 2435 474 2492 ornamentis.
536 2511 540 2519 ι
608 2394 609 2399 ¹
769 2513 773 2521 .

179 2568 298 2657 'Quid
316 2567 375 2626 eit
391 2510 950 2644 fadreffeeaatamquadrtciaas.
993 2567 1184 2632 Antidamas
1206 2579 1240 2633 in
1260 2576 1429 2641 moralibus

270 2704 359 2766 libris
381 2707 432 2765 ait.
466 2701 571 2763 Fabre
592 2709 787 2780 oootpnetum
811 2703 932 2762 animal
950 2704 1106 2765 homiaem
1127 2687 1199 2786 qais
1216 2711 1306 2786 serat
1322 2715 1428 2771 coire

268 2834 439 2915 pernotum
459 2843 491 2895 et
510 2837 621 2895 haberi
641 2815 715 2894 a’nr
737 2837 867 2895 einum
887 2840 950 2894 tem
972 2840 1113 2897 aricinos
1131 2839 1290 2902 tromrirum
1310 2851 1430 2908 menter

191 3019 428 3048 :——-—-h·

255 3142 298 3206 qui
316 3141 439 3191 necdum
458 3145 536 3192 habet
554 3141 654 3192 dentes.
688 3141 818 3205 Epilogus
836 3145 959 3194 clausula
982 3145 1026 3195 uel
1050 3146 1108 3195 linis
1131 3148 1270 3201 sermonis.
1306 3149 1420 3210 Moriny

256 3234 319 3298 (sic)
336 3220 379 3297 ξι.
399 3237 492 3284 dieitur
510 3220 556 3285 lat.
574 3249 670 3284 sermo.
689 3237 748 3285 hine
766 3238 926 3286 mortomata
943 3240 1029 3286 forme
1047 3254 1096 3300 que
1115 3241 1194 3288 etiam
1212 3239 1269 3288 idee
1291 3237 1422 3293 dicuntur,
1466 3248 1468 3252 “

259 3328 327 3376 rande
355 3325 450 3376 idolum
477 3328 551 3389 quasi
576 3325 641 3376 idee.
668 3327 745 3376 dulos
775 3330 891 3377 seruitus
918 3330 1004 3376 terme
1030 3331 1098 3391 quad
1125 3331 1260 3390 hebrayce
1291 3331 1428 3392 teraphim.

257 3420 425 3469 Therainteta
442 3423 466 3470 id
484 3429 524 3471 est
541 3405 674 3472 cal'idatio.
692 3423 814 3481 thermon
831 3421 955 3472 calidum.
973 3424 1074 3472 therme
1093 3426 1216 3475 dicuntur
1237 3438 1306 3487 aque
1328 3421 1424 3472 calide.

258 3510 358 3561 Ycron.
375 3514 504 3577 trigidum.
523 3515 580 3563 hine
597 3515 777 3576 spitroteteta.
796 3514 931 3578 trigidatio
950 3513 1052 3566 dieitur.
1068 3517 1193 3576 dynamin
1213 3522 1253 3564 est
1270 3516 1429 3576 potenciam.

259 3604 415 3654 Patheticas
434 3606 562 3664 passiuas.
580 3608 696 3654 Poiotas.
713 3596 864 3668 qualitates.
887 3607 1015 3669 Nepathis
1037 3608 1183 3668 passiones.
1201 3608 1342 3656 Kemortas
1360 3604 1432 3672 (sic).

260 3697 441 3760 Pugillatores
459 3709 512 3746 nnn
531 3695 653 3745 dicuntur
671 3711 687 3745 a
705 3697 879 3760 pugillatoria
897 3703 956 3747 arte
974 3697 1021 3746 sed
1039 3699 1124 3757 magis
1142 3697 1339 3760 apagillaturia
1357 3710 1428 3746 arce.

259 3790 365 3853 pugiles
385 3793 523 3837 uocantur.
536 3788 710 3850 pugillatores
727 3791 815 3837 autem
829 3786 952 3837 dicuntur
961 3797 1071 3849 propter
1088 3788 1191 3837 maiora
1204 3789 1284 3838 ualidi
1301 3791 1429 3849 corpores.

259 3881 363 3943 pugiles
382 3880 442 3928 fore
462 3879 627 3947 presciuntnr
653 3893 710 3930 curn
729 3884 844 3930 nondum
869 3881 1042 3943 pugillatoria
1065 3887 1126 3930 arte
1151 3885 1266 3929 utantur.
1292 3880 1431 3943 Euergian

259 3972 285 4032 id
302 3981 342 4025 est
360 3976 552 4039 operationem.
570 3977 629 4025 hinc
647 3981 674 4025 et
691 3977 814 4040 sinergus
832 3980 1003 4037 cooperator.
1023 3972 1091 4023 unde
1109 3979 1136 4022 et
1153 3973 1328 4034 energumini.
1361 3974 1430 4021 Ylen

260 4070 370 4130 primam
390 4069 524 4118 materiam
544 4082 631 4117 rerum
650 4071 710 4118 inde
729 4070 861 4118 elementa
879 4082 903 4117 e.
922 4066 1002 4129 proi.
1021 4067 1137 4128 ponitur.
1172 4066 1216 4113 'tis
1235 4046 1281 4126 ξ’τ.
1299 4065 1364 4126 quis.
1381 4043 1431 4113 Ιῆἶ.
1509 4076 1515 4081 ·

260 4162 319 4220 Peri
338 4163 480 4212 ermenias.
498 4167 601 4221 septem
619 4163 729 4222 speeies.
748 4163 850 4209 Nomen
870 4161 978 4210 uerbum
997 4159 1083 4208 oratio
1109 4157 1267 4207 enuntiatio.
1289 4155 1431 4206 affirmatIo

260 4254 370 4316 negatio
398 4254 582 4304 contradictio.
607 4253 713 4302 Genera
742 4252 942 4312 proloquiorum
972 4256 1034 4299 sunt
1059 4252 1105 4299 ill.
1129 4253 1236 4299 axioma
1262 4249 1432 4312 indignitates

262 4348 403 4401 numenei
422 4347 539 4394 uerbum
557 4345 760 4393 Pasimbamata
772 4342 1094 4404 minusquamgruentes.
1114 4348 1142 4389 ut
1159 4341 1256 4402 loquor
1273 4339 1325 4390 tibi.
1343 4338 1433 4388 Asini·
1513 4402 1516 4407 ⁴

263 4438 368 4499 hamata
386 4440 604 4500 incongruentes.
622 4442 650 4485 ut
667 4436 766 4496 penitet
784 4446 824 4483 me
842 4433 935 4481 iecisse
957 4434 1098 4481 hominem.
1134 4432 1288 4493 Sophimata
1316 4428 1428 4478 iraudu-

265 4528 338 4581 leute
356 4531 531 4581 asserciones
550 4529 680 4578 sortitam
700 4526 886 4578 asserttonem.
904 4523 928 4571 id
946 4531 988 4573 est
1005 4523 1176 4577 cumulatam.
1195 4533 1273 4570 soros
1290 4533 1333 4582 gr.
1351 4531 1429 4568 acer-

265 4633 326 4680 uus.
343 4619 466 4680 taumatia
483 4617 619 4671 medicina.
638 4617 735 4681 copon
750 4615 826 4682 quasi
844 4614 967 4677 caupule.
986 4612 1010 4663 id
1027 4618 1069 4664 est
1085 4613 1208 4665 uenditor
1231 4615 1278 4662 eut
1302 4608 1433 4662 nenditrix

268 4714 297 4760 ut
315 4709 460 4773 mirrapole
476 4711 631 4775 bibliopola.
944 4688 949 4698 ⁸
1335 4716 1337 4720 '
