3350 5334
266 372 507 456 Bettutzung
528 370 598 435 der
618 368 791 435 Glossen
813 372 850 434 in
872 368 1011 434 Atto’s
1034 370 1336 454 Polyptychum.
1382 368 1425 433 95

628 556 859 640 Poiyptychum
880 574 908 618 c.
934 554 981 618 12.

192 668 235 730 Et
257 676 405 749 superest
428 665 487 728 hos
508 666 602 729 funus
625 668 653 728 si
673 667 754 728 forte
776 665 936 745 praedicat
957 665 987 726 in
1011 664 1091 740 istis,

193 779 327 840 habenti
348 783 382 836 ut
402 792 486 836 aevo
508 774 637 835 valeant
657 792 716 835 neo
737 772 887 855 gratulari
909 770 1025 833 futuro.

193 883 267 944 Non
290 882 409 964 deperit
430 901 492 963 qua
514 891 641 962 propter
662 883 781 944 vitium.

155 1004 160 1019 ⁸
193 997 361 1080 insurgunt
383 995 434 1056 alii
456 1004 488 1055 et
509 1012 621 1075 rursus
642 1000 783 1054 rotantur
805 994 836 1053 in
855 989 987 1056 hisdem.

194 1103 260 1166 Sed
283 1107 357 1184 quia
379 1112 464 1180 suot,
486 1102 536 1185 qui
557 1121 660 1182 neque
682 1102 807 1164 fueraut
828 1103 933 1163 cirrati
952 1102 1097 1164 laciniam
1117 1119 1177 1165 nec
1198 1122 1273 1185 prae
1358 1090 1359 1093 ¹

192 1208 335 1289 Fulgore
356 1211 407 1271 vei
432 1212 554 1272 carbasi
576 1219 719 1291 poterant
740 1209 919 1290 pertingere
942 1209 1089 1289 sophiae3

193 1318 230 1379 Si
247 1319 352 1380 ‘duces
374 1319 446 1380 nihil
471 1328 522 1379 est
544 1327 575 1378 et
601 1317 712 1398 quibus
733 1319 902 1396 sandapila
923 1317 1101 1380 deferantur

194 1426 246 1490 Ad
268 1446 389 1508 urnatn,
412 1436 446 1489 ut
467 1428 513 1488 eis
535 1425 711 1488 indemnem
733 1426 825 1488 liceat
847 1426 1168 1502 domnitionem1)

193 1533 338 1595 Perferre
355 1539 514 1607 ,anunuiiia
533 1536 677 1618 repertis.
719 1535 874 1598 lniuderis
896 1555 1026 1598 erronee
1263 1518 1265 1523 ¹

191 1643 223 1705 A
245 1645 382 1705 saeculis
403 1663 479 1724 prae
500 1649 566 1716 tet)
589 1646 749 1727 singillata
757 1647 786 1717 ³)
809 1643 1003 1707 confundere
1022 1645 1181 1719 autciia⁴).

193 1752 352 1812 Exercitus
374 1751 488 1813 fuerint
508 1754 560 1814 vei
582 1754 611 1815 si
633 1753 747 1833 effusa,
771 1770 852 1833 quae
869 1756 987 1830 promis
1006 1755 1099 1831 flocci
1117 1752 1326 1833 pendenda

195 1855 339 1919 Naturae
364 1865 396 1917 et
417 1858 533 1918 sterilis
553 1877 613 1920 sua
634 1867 708 1920 tunc
729 1875 857 1918 munera
877 1856 1004 1938 linquat.

194 1964 388 2039 Summani)
408 1975 440 2026 et
460 1969 547 2029 linae
567 1976 684 2030 statum
707 1967 826 2047 poteris
848 1968 881 2045 si¹
899 1964 1020 2046 tingere
1041 1965 1175 2027 eundem

195 2072 347 2136 Aetheris
371 2082 403 2135 et
424 2074 581 2154 aridae⁶),
608 2075 786 2157 Cocytique
809 2076 941 2144 unum⁷)
964 2074 1144 2154 prospicere
1165 2072 1276 2155 quibis.

195 2179 320 2244 Officiis
342 2181 415 2261 quid
438 2183 576 2265 derogas
597 2177 802 2265 praesidum?
832 2183 932 2245 i'aies
954 2202 993 2245 ao
1018 2183 1175 2247 offuscare
1321 2173 1325 2180 ’

195 2288 285 2367 Quas
306 2292 377 2369 ipse
398 2291 521 2371 legerat
540 2308 661 2351 summe
680 2298 793 2371 potens
814 2289 969 2352 labentem
991 2292 1151 2368 subpetiaa
1159 2291 1188 2366 ⁸)

195 2395 239 2460 Ut
260 2395 383 2459 fulciret
406 2393 537 2460 orbem?
557 2397 636 2458 ΝοιιΙ
654 2396 819 2459 malachim
843 2394 1078 2477 confiteris¹⁰Ji

195 2507 262 2567 Aut
283 2505 408 2566 minime
429 2502 563 2587 plaudis,
585 2506 636 2566 cui
658 2515 831 2566 concentus
854 2504 965 2566 decem
988 2504 1103 2566 milium

196 2613 363 2697 virginum
386 2613 440 2676 dot
460 2612 596 2673 hostium
618 2613 687 2691 ipse
708 2608 915 2692 trophaeum?
937 2611 1012 2673 Non
1033 2612 1137 2693 potius
1159 2611 1230 2687 hoc,

199 2718 302 2797 Quam
324 2719 500 2783 hecaton
523 2739 579 2801 per
596 2719 866 2801 phoneuma·)
888 2718 1057 2782 adsumis?
1079 2740 1109 2782 ιι.
1131 2739 1159 2782 s.
1177 2740 1220 2782 w.

271 2850 396 2899 Gnossnn
415 2865 447 2899 ιιι
465 2862 488 2899 ο.
506 2850 555 2900 12:
590 2848 619 2913 1)
638 2851 748 2900 Domum
765 2849 814 2899 ire.
847 2849 879 2914 2)
898 2849 983 2899 Extra
998 2855 1036 2899 te.
1053 2851 1113 2898 Non
1132 2848 1230 2913 poteris
1247 2858 1361 2911 namque
1379 2842 1427 2896 ad·

195 2941 312 3004 probare
329 2953 397 3003 quue
413 2942 491 2990 nisus
508 2955 537 2991 es
556 2927 723 2991 confirmare.
757 2939 944 3012 siseparata.
978 2940 1009 3003 4)
1027 2941 1186 3008 Astatiis,
1203 2942 1298 3006 quasi
1314 2940 1427 2990 subti-

196 3035 284 3087 libus
302 3033 388 3084 telis.
406 3034 436 3095 o)
454 3035 616 3083 summates.
640 3035 671 3097 6)
689 3033 798 3099 Terrae.
826 3032 991 3088 iniunctam
1008 3038 1116 3085 statum.
1138 3033 1169 3098 8)
1187 3036 1269 3084 Retro
1279 3029 1428 3094 subpedias.

261 3129 318 3176 Aus
335 3123 385 3174 den
404 3128 561 3174 senonum:
583 3123 613 3189 a)
632 3125 751 3174 Hecaton
771 3135 818 3183 per
836 3124 985 3184 phoneuma
1001 3137 1087 3186 genus
1109 3131 1151 3175 est
1175 3125 1303 3176 sacrificii.
1339 3124 1427 3187 Siquis

198 3225 303 3269 centuni
321 3218 413 3268 hostes
431 3217 620 3279 interfecisset,
644 3217 727 3267 Marti
750 3218 782 3266 de
798 3216 904 3266 honrina
920 3217 1105 3279 sacrificabam
1123 3224 1151 3267 et
1167 3214 1307 3266 dicebatur
1324 3215 1429 3265 innesa-

194 3312 319 3361 crinciunt
338 3323 384 3371 per
400 3311 548 3372 pnoueuma
565 3309 596 3372 (a
611 3307 728 3374 φονεὺω).

276 3429 356 3490 Also
378 3431 555 3509 sandapila,
577 3431 741 3505 manubiis,
764 3432 885 3505 sutelis,
910 3433 1061 3504 exercitu,
1072 3436 1203 3509 promis,
1214 3433 1315 3510 flocci,
1338 3452 1429 3493 utm-

194 3541 279 3607 mnti,
303 3536 401 3611 linae,
423 3538 583 3613 subpetina
606 3537 668 3598 und
684 3555 742 3598 aus
751 3537 965 3619 Fragmenten
979 3536 1041 3598 und
1053 3537 1270 3619 Erkiairungen
1282 3540 1352 3603 sind
1363 3541 1429 3603 do-

198 3645 435 3707 moitionem
460 3643 729 3726 [domuitionem]‚
747 3646 963 3727 pendenda,
986 3647 1429 3730 hecatonperphoueu·

195 3773 255 3816 ma
276 3754 450 3836 beigeifigt.
494 3756 621 3817 Ebenso
643 3756 759 3818 ianden
787 3757 854 3819 sich
884 3758 916 3817 in
947 3773 974 3816 c.
1000 3755 1045 3817 13.
1077 3757 1260 3839 gyrando
1292 3777 1350 3822 aus
1372 3781 1429 3821 cu·
1535 3846 1536 3849 Ἴ

198 3866 324 3945 tillure,
353 3884 550 3946 soporans
575 3876 742 3942 tuccetum,
771 3888 797 3931 c.
823 3867 869 3929 tt.
892 3866 1024 3944 collyria
1046 3864 1074 3926 d.
1096 3865 1126 3926 h.
1145 3874 1342 3945 unquentum
1370 3884 1429 3928 aus

195 3974 366 4052 myropoin.
410 3974 469 4035 Die
489 3971 628 4036 Glossen
652 3976 824 4057 enthclten,
847 3974 906 4034 wie
928 3972 999 4033 sich
1021 3974 1140 4054 ergibt,
1172 3982 1255 4035 trotz
1279 3973 1428 4034 mancher

199 4079 384 4147 Gieiohheit
405 4083 565 4144 einzelnes
587 4083 837 4171 Abweieh'ende‚
860 4101 897 4143 ro
920 4090 1011 4143 unter
1033 4081 1151 4143 andern
1175 4081 1205 4143 in
1224 4081 1280 4143 der
1301 4080 1429 4142 Anrede

197 4206 238 4249 an
258 4190 459 4253 theodostus
481 4208 508 4251 c.
532 4189 585 4252 ta:

280 4295 343 4375 Qui
364 4314 518 4379 respuens
539 4296 693 4358 haereses
715 4296 848 4358 barbara
871 4305 905 4357 tu
927 4295 990 4358 teia
1012 4294 1130 4377 fudisti,

280 4402 323 4464 Et
345 4405 419 4468 iana
440 4403 609 4468 destruens
632 4406 751 4466 tutulos
772 4413 804 4467 et
825 4404 922 4467 deleri
947 4405 1090 4469 sanxisti.

196 4530 249 4574 wo
270 4510 321 4574 die
344 4512 479 4581 Glosret
499 4516 663 4599 „Tutnlos
684 4514 831 4577 dicebaut
851 4511 1038 4575 sacerdotes
1057 4512 1197 4573 brevium
1218 4506 1429 4592 tempiorum“

200 4618 265 4702 hat,
289 4619 440 4695 offenbar,
463 4624 534 4687 weil
555 4624 610 4686 der
632 4624 805 4686 Verfasser
824 4625 962 4684 orcarum
982 4625 1109 4683 deorum
1131 4617 1218 4680 nicht
1237 4617 1398 4680 verstand.
