3350 5334
248 365 269 408 Χ
276 360 310 408 Vl
388 416 393 426 Ι
649 359 696 404 An
717 359 832 406 GATUM
854 359 1108 404 PRESBY'I'BRUM·

247 527 354 588 xxll.
397 525 547 589 Catillum
579 525 686 588 dicunt
714 543 771 606 per
801 525 923 585 alienas
951 521 1063 585 domos
1088 523 1261 586 inirentale
1289 499 1417 608 girata.
1456 525 1486 593 Α

331 659 444 721 catulis
465 668 609 721 tractum.
631 658 714 741 quod
738 679 794 739 per
816 677 927 721 omues
959 659 1071 722 domos
1094 661 1294 723 circumeant
1338 658 1432 723 Unde
1453 671 1486 723 et

331 798 519 876 propertius.
569 793 720 857 Catillata
759 796 849 875 geris
878 768 1056 856 uadimonia
1088 793 1236 873 pubicum
1271 790 1486 875 prostibulum.

331 937 363 989 ct
391 929 517 1008 plautus
548 929 690 990 similiter
718 928 770 991 aie
814 927 898 1006 Quin
931 945 1034 1007 meam
1065 944 1195 988 uxorem
1232 929 1354 989 mittam
1392 930 1486 994 catil,

333 1061 440 1137 lupum.

249 1194 371 1254 xxlll.
415 1191 605 1274 Capularem
632 1191 695 1255 dici
733 1195 900 1256 uoluerunt
932 1209 1045 1254 senem
1075 1192 1136 1253 iam
1165 1192 1255 1252 morli
1284 1195 1483 1274 contiguum.

333 1329 390 1390 sed
412 1338 446 1391 et
463 1349 536 1392 reos
550 1332 718 1412 copulares
731 1331 887 1395 dicebant
907 1331 994 1414 quia
1015 1330 1125 1412 capulo
1147 1328 1232 1411 digni
1254 1330 1366 1393 forent.
1394 1328 1487 1394 Unde

332 1472 364 1524 et
383 1462 507 1526 lucilius
529 1468 581 1530 aii.
625 1466 736 1549 Pergit
756 1467 904 1546 capulare
925 1465 1063 1528 cadauer
1083 1473 1116 1525 et
1148 1462 1276 1527 flaccus
1295 1462 1422 1524 tiliullus
1459 1463 1490 1524 in

333 1598 456 1658 melone
489 1597 632 1661 comedia
660 1598 712 1660 ait.
776 1600 879 1661 'lume
913 1598 1016 1661 audes
1046 1616 1153 1660 amare
1184 1596 1332 1660 edentulo
1365 1607 1399 1657 et
1429 1612 1489 1657 oa-
1537 1638 1539 1645 -

332 1731 448 1812 polaris
469 1730 594 1796 senex?
616 1731 806 1811 Edenlulunr
828 1732 911 1797 enim
941 1733 1031 1814 quasi
1052 1734 1114 1795 iam
1137 1735 1206 1795 sine
1241 1731 1387 1796 dentibus
1427 1731 1489 1807 dici
1564 1815 1568 1820 .

334 1868 509 1929 uoluerunt.

254 1997 390 2077 lllillll.
413 1999 593 2059 Promoset
605 1997 727 2061 modos
747 1997 810 2060 diei
828 1998 994 2062 uoluerunt
1014 1999 1187 2071 cellariae)
1211 2018 1249 2060 eo
1270 1996 1491 2080 quoddeintue

333 2141 477 2213 promant
498 2141 529 2194 et
548 2131 693 2195 condant.
736 2133 828 2196 Unde
850 2142 883 2196 et
903 2134 1030 2215 plautus
1050 2134 1082 2205 iu
1103 2132 1238 2194 asinaria
1260 2108 1313 2193 ait.
1335 2132 1406 2215 ligo
1420 2150 1489 2195 sum

319 2268 463 2353 'promus
487 2272 519 2324 et
545 2226 665 2326 condus
689 2273 870 2344 procurator
896 2267 999 2345 poeni.
1041 2265 1184 2325 Poenum
1212 2263 1294 2326 euim
1322 2265 1484 2327 cellarium

235 2384 241 2399 '
337 2394 479 2465 dicimus·

256 2525 364 2603 XXV‚
406 2527 579 2608 suppetias
600 2528 731 2593 dicimus
752 2532 912 2594 auxilium.
934 2531 1025 2594 Unde
1046 2540 1077 2594 et
1096 2531 1265 2606 mernusffi)
1285 2533 1317 2595 in
1328 2532 1492 2617 tragoedia

336 2652 472 2740 herculis
493 2664 544 2727 ait.
568 2666 667 2729 Ferte
689 2669 853 2749 suppetias
876 2668 984 2748 optimi
1006 2671 1150 2730 comites.
1510 2636 1512 2640 v

256 2794 378 2873 xxiii
420 2797 608 2860 Auctionem
617 2799 675 2863 dici
691 2804 854 2865 uoluerunt
873 2802 1095 2866 uenditionem.
1107 2804 1209 2882 'quasi
1222 2797 1306 2880 quod
1323 2807 1363 2859 ct
1384 2816 1495 2868 emen·

293 3014 297 3019 Ι
338 2934 401 2988 tem
423 2937 456 2989 et
475 2892 664 2993 uendentem
685 2942 810 3013 augeat.
832 2932 924 2995 Unde
945 2942 977 2993 et
1005 2935 1132 3014 plautus
1158 2935 1192 3009 in
1222 2930 1403 2994 curculione
1432 2949 1487 2992 co·

339 3056 441 3118 media
462 3059 515 3122 ait.
536 3060 723 3123 Auctionem
747 3060 830 3124 facio
851 3062 1084 3143 parasaticiam.

258 3188 396 3268 XXVll.
438 3192 665 3256 Mnasilcrnam
687 3194 794 3258 dicunt
814 3214 917 3276 aquae
938 3213 1047 3257 urnam
1069 3194 1164 3258 idest
1185 3214 1325 3261 urceum.
1347 3195 1439 3259 Unde
1462 3205 1495 3260 et

342 3323 514 3388 calinrnius
535 3326 686 3390 infrenesi
707 3328 850 3391 comedia
871 3330 923 3391 ait.
944 3330 1006 3393 Ubi
1019 3331 1247 3392 temnasitorne
1267 3300 1381 3412 aquam
1392 3338 1493 3412 petas.

344 3458 387 3519 Et
416 3461 542 3539 plautus
573 3459 604 3520 iu
646 3459 779 3524 bachide
815 3461 884 3524 aio.
920 3459 1008 3523 Effer
1040 3465 1265 3540 mnasiternam
1294 3481 1365 3525 oum
1404 3462 1494 3545 aquis

347 3590 442 3653 foras.

267 3722 423 3785 xxviii.
445 3726 607 3796 Antistare
628 3729 761 3809 dicimus
785 3732 965 3811 precellere.
987 3731 1079 3793 Unde
1100 3740 1132 3792 et
1161 3731 1319 3812 crispinus
1353 3726 1493 3790 ineradia

346 3859 398 3937 ait,
441 3860 562 3922 Diuinis
584 3862 752 3925 uirtutibus
768 3864 929 3929 *antistans
952 3862 1081 3943 alcides.

265 3992 437 4055 xxviiii.
478 3994 589 4076 Istege
611 4003 661 4056 eut
682 3996 772 4057 nauis
792 4003 987 4076 postremum
1008 3994 1060 4057 uel
1081 3996 1255 4057 tabulatum
1287 4008 1384 4070 super
1414 3988 1497 4070 quod

349 4134 464 4187 nonme
485 4124 653 4189 ambulant.
674 4125 757 4188 sicut
776 4125 904 4206 plantus
919 4126 964 4190 ait
988 4126 1019 4187 in
1041 4110 1243 4201 scordalum)
1267 4124 1358 4187 forte.
1379 4126 1497 4209 Egerit

350 4259 456 4339 istega
477 4257 615 4363 consedi.
725 4338 729 4345 ι

271 4466 319 4534 12)
337 4470 385 4518 Die
403 4469 516 4521 Wiener
531 4471 703 4539 flaueschrile
720 4473 766 4538 lut
783 4471 959 4536 cellariam,
977 4470 1018 4521 die
1035 4470 1169 4520 Mediceer
1188 4470 1368 4521 cellerarios.

273 4555 322 4625 1³)
341 4560 388 4611 eie
405 4564 547 4630 neurceer,
574 4566 686 4636 infrenet
707 4564 798 4632 (soe.)
822 4546 874 4617 uni
892 4567 951 4616 erne
975 4565 1191 4619 wolreouomer
1220 4562 1302 4643 (eeu.
1319 4566 1378 4627 aa.)
1405 4566 1500 4615 neno-

337 4659 430 4727 selurilo
462 4659 548 4725 leben
565 4669 683 4725 mmor,
717 4657 777 4725 elne
796 4659 939 4736 heydener
962 4654 1053 4721 (1³5.)
1079 4643 1193 4723 memes,
1227 4658 1269 4718 die
1294 4655 1393 4707 audere
1426 4654 1500 4723 (96.)
