3350 5334
548 351 592 396 AD
614 350 827 417 canentum
849 349 1105 396 cuntramnu-
1406 350 1442 399 ΧΙ

237 539 238 543 ’
284 522 357 601 'anis
377 524 607 581 enim·ccntum
631 519 738 579 bastes
759 519 980 595 interfecisset.
1008 521 1105 576 marti
1129 519 1169 578 de
1189 518 1440 580 bomiscesccri-

282 655 409 734 flccbct.
450 653 551 730 Apud
576 653 715 715 insulam
734 652 914 727 blennam
934 655 1251 732 sacrificabatur
1271 674 1291 714 c
1311 656 1442 716 duobus.

209 811 211 818 ·
287 785 497 865 cretensi5)
519 805 602 847 una.
622 793 662 847 ct
675 794 751 848 unc
768 788 882 849 locro.
902 787 937 847 id
950 791 1001 846 est
1011 789 1102 846 tuneo
1115 790 1295 847 cartinensi.
1311 787 1443 864 prbcnla

289 918 384 980 iecra.
405 922 491 981 sicut
507 919 725 997 policrates
746 923 863 985 scribit.
885 920 953 983 Sec
966 930 1107 1001 prostes
1126 940 1238 1004 auam
1257 925 1326 984 boc
1348 927 1442 986 attre-
1544 1000 1546 1003 v

288 1052 450 1111 niensibns
480 1052 651 1129 displicuit.
683 1057 835 1129 ceperunt
862 1057 972 1132 efferre
997 1074 1130 1133 parcum
1158 1063 1332 1119 castratum
1353 1022 1444 1138 quem

178 1300 183 1309 Ι
290 1157 505 1262 reserenda
545 1186 710 1248 uocabant.
737 1185 778 1306 {ff
798 1190 989 1305 heustchcaiusi
1014 1191 1084 1247 sine
1116 1193 1254 1252 renibus.
1295 1198 1328 1252 et
1360 1194 1448 1272 cpud

168 1384 172 1388 ,
290 1336 437 1378 romanas
459 1339 554 1380 narro
575 1323 718 1381 scribit
736 1324 816 1380 sicin
836 1321 998 1381 dentatum
1018 1327 1135 1382 centies
1164 1331 1196 1384 et
1215 1327 1339 1385 uities
1358 1344 1445 1402 pnp-

293 1432 396 1514 n'asse‘
419 1456 579 1531 sinpulari
608 1459 786 1516 certamine.
822 1460 985 1516 cicatrices
1016 1457 1166 1518 haberes
1194 1465 1305 1519 contra
1334 1448 1444 1522 w·

296 1586 373 1647 V‘1¹¹⁶.
392 1593 467 1664 post
485 1593 609 1665 terpnm
625 1588 757 1649 nullam.
777 1606 911 1649 caranus
932 1608 1094 1665 accepisse
1124 1587 1239 1650 ·ΧΧ“·
1265 1588 1354 1652 ΙΨ·
1387 1611 1445 1652 cr*

288 1725 394 1786 mittas
416 1721 505 1784 ‘0⁰¹⁰‘
527 1722 627 1783 w·
648 1728 681 1782 et
697 1725 794 1782 istum
811 1728 949 1798 primum
969 1741 1095 1782 sacrum
1111 1724 1231 1801 secisse
1259 1726 1364 1782 murti.

139 1910 141 1917 .
210 1858 315 1935 Ouid
333 1862 417 1932 sint
437 1860 615 1933 ambipne
635 1877 731 1917 oues.
782 1859 902 1919 Belius
922 1825 1030 1917 macer
1051 1861 1106 1935 qui
1123 1857 1255 1936 festalic
1284 1875 1448 1918 sacrarum

290 1994 408 2067 scripit.
430 1993 483 2049 ait.
507 1992 649 2050 iunoni
668 2010 737 2050 eas
758 2011 818 2071 que
853 1993 999 2067 persinas
1029 1994 1201 2067 pariant
1232 2010 1309 2059 aues
1332 2010 1442 2051 sccrr·

288 2131 383 2207 picari
401 2147 474 2188 cum
494 2128 629 2188 luobus
651 2131 745 2203 cquis
766 2126 955 2187 altrinsecus
977 2128 1131 2202 reliquiis.
1160 2146 1242 2206 quas
1270 2146 1350 2189 aues
1370 2148 1442 2189 cm·

290 2242 403 2337 bibnas
423 2265 535 2322 uacari
553 2263 648 2341 quasi
666 2280 711 2320 es
731 2266 866 2339 utraque
884 2264 977 2336 parte
998 2277 1098 2335 apncs
1119 2259 1281 2323 babentes.
1459 2215 1461 2223 Ι

211 2389 318 2466 outa
336 2395 420 2453 sint
441 2393 727 2468 snprnnelaria.
742 2394 851 2453 Priari
870 2398 1006 2469 tempore
1019 2394 1236 2469 suprunclaric
1256 2398 1382 2474 antiqui
1394 2395 1446 2455 ds·-

295 2526 409 2586 cebant
425 2525 597 2602 sepnlclsra
618 2529 808 2606 infantium
829 2529 885 2605 qni
903 2527 1038 2586 necdum
1062 2527 1145 2587 ·XL·
1167 2528 1234 2587 dies
1263 2525 1448 2604 impleuis-

292 2663 372 2718 sent.
394 2662 476 2738 puin⁴
490 2676 548 2719 nec
567 2660 660 2719 busta
682 2660 765 2717 dici
782 2664 979 2734 poterant.
1001 2663 1092 2738 quia
1112 2679 1187 2720 ossa
1220 2678 1280 2738 que
1312 2659 1446 2720 cambu-

295 2801 443 2856 r‘erentur
463 2811 527 2853 nan
547 2799 646 2854 erant.
669 2811 726 2853 nec
747 2799 835 2853 tauta
856 2797 870 2853 i
875 2811 897 2851 n
905 2798 1041 2853 manitas
1068 2795 1235 2871 cadaueris
1264 2811 1333 2873 qna
1354 2793 1451 2854 locus

291 2933 487 2989 tumesceret.
535 2928 628 2989 Unde
656 2934 689 2988 et
724 2929 852 2989 rutilus
881 2932 1028 3004 peminus
1059 2931 1095 2987 in
1129 2926 1339 2990 bastianuctis
1374 2936 1446 2988 tra·
1545 2980 1548 2991 .

293 3061 418 3139 paedia
439 3065 492 3121 art.
524 3059 644 3119 Melius
659 3061 935 3135 ,snpprunelcrium
967 3063 1116 3120 miserum
1139 3063 1327 3139 quereris
1356 3079 1450 3140 qaam

295 3195 510 3276 sepulchrum.

214 3324 323 3400 Ouid
341 3333 396 3389 sit
413 3330 666 3393 silicernius.
688 3331 877 3395 Silicernics
898 3334 964 3393 elici
982 3334 1156 3395 noluerunt
1174 3350 1268 3393 senes
1287 3335 1351 3395 iam
1384 3336 1399 3394 i
1404 3351 1447 3393 n·

299 3468 530 3543 curucssqnasi
548 3471 611 3526 ium
632 3468 875 3544 sepulchrorum
892 3488 1023 3529 sucrum
1033 3470 1139 3529 silices
1160 3473 1332 3529 cernentes.
1357 3466 1450 3528 Unde

298 3600 332 3656 et
351 3598 467 3657 cintius
486 3598 633 3659 elimetur
652 3603 687 3659 in
704 3584 837 3660 historia
859 3602 897 3659 de
919 3605 1031 3678 parpic
1052 3601 1187 3675 leontina
1201 3600 1312 3659 scribit
1332 3598 1451 3687 diceres.

301 3730 380 3807 our
400 3732 474 3792 dum
495 3736 559 3793 iam
579 3735 762 3818 silicernius
789 3730 886 3815 flerem
919 3738 973 3794 sui
998 3738 1146 3811 temporis
1175 3740 1366 3811 especturet.
1394 3736 1455 3794 etsi

300 3875 382 3930 mari
400 3886 465 3930 nnn
482 3873 592 3946 patuit.
614 3875 718 3928 tamen
736 3869 971 3948 infirmitatibus
992 3868 1170 3928 ecultcuit.

219 3990 323 4082 Quiri
340 4008 427 4066 sint
444 4003 610 4101 urnales
626 4004 797 4081 fratres.
819 4000 910 4061 Accu
930 4001 1112 4062 laurentina
1123 4003 1238 4063 romuli
1248 4006 1362 4063 nutris
1373 4021 1453 4064 can·

298 4136 717 4215 sueueratprcaprissemel
726 4142 767 4239 in
778 4148 862 4194 anno
877 4154 948 4195 cum
959 4134 1131 4215 ‘Xllviliis
1141 4141 1211 4198 suis
1218 4136 1455 4214 precedentibus
1492 4112 1495 4121 ¹

287 4450 353 4502 ader
370 4452 501 4502 Temenus
526 4452 742 4516 Gortpntensss,
770 4449 819 4503 ber
842 4451 948 4500 Lokrer
972 4449 1121 4503 Proculus.‘
1151 4448 1201 4500 Die
1222 4447 1339 4498 anderen
1361 4441 1467 4494 licemi-¹

287 4547 416 4596 scin-iiten
433 4547 534 4598 baben:
558 4559 578 4595 c
595 4547 705 4597 deabus
721 4543 895 4596 cretensibus
911 4544 940 4592 et
955 4556 1011 4594 unc
1029 4545 1111 4593 lccrs
1129 4555 1156 4592 u.
1171 4555 1194 4591 s.
1213 4554 1257 4604 w.,
1281 4551 1340 4589 was
1355 4536 1456 4588 kcissn

200 4674 207 4687 .
287 4640 351 4690 sinn
368 4640 433 4704 gibt.
