3350 5334
421 998 584 1069 codex
605 994 944 1069 Brsuellensls
965 968 1210 1073 Nrosbttnt)

213 1111 455 1201 Falyentius
476 1115 542 1201 ep‘s
564 1121 613 1180 ad
632 1120 854 1180 soloidium
867 1123 1174 1196 arammatioum
1189 1121 1233 1179 de
1249 1122 1452 1180 obstrusis

559 1235 597 1287 et
615 1231 832 1287 inusitatis
855 1228 1088 1287 nominibus.
1173 1258 1177 1267 ·

292 1338 344 1398 Ne
372 1337 410 1395 de
439 1341 563 1399 tuorum
596 1336 718 1395 domine
742 1338 962 1410 preceptorum
990 1337 1082 1393 serie.
1111 1340 1222 1392 nostro
1243 1335 1452 1412 qnisquam

212 1445 439 1509 inoboedientia
462 1444 706 1501 decurtasse
726 1440 941 1503 uideretur.
962 1439 1100 1499 libellum
1120 1443 1213 1499 etiam
1234 1458 1326 1518 quem
1339 1443 1378 1501 de
1394 1442 1453 1501 ob·

211 1561 329 1617 strusis
351 1562 389 1615 et
407 1558 621 1616 inusitatis
640 1554 837 1612 sermonibus
853 1553 1124 1628 interpretari
1144 1555 1276 1614 iussisti.
1297 1554 1332 1610 in
1346 1568 1452 1633 qnon-

210 1670 277 1730 tam
297 1642 442 1725 memorie
460 1664 596 1727 entbeoa
616 1662 790 1736 sabroyore
808 1666 917 1736 potuit.
941 1660 1116 1718 absolutum
1136 1661 1276 1719 retribui.
1305 1678 1369 1719 non
1392 1661 1451 1739 fo·

209 1772 320 1833 leratis
340 1788 520 1831 sermonum
541 1770 683 1829 studens
699 1770 829 1844 epaonis.
851 1768 909 1826 sed
927 1768 1019 1825 dans
1040 1785 1167 1843 operam
1189 1785 1295 1827 rerum
1315 1766 1450 1826 obson-

210 1879 399 1940 ritotibus
421 1879 611 1942 taaidoaon.

701 2162 963 2181 mannan-Q

212 2426 315 2502 Quid
331 2432 385 2487 sit
404 2427 590 2488 edulium.
621 2426 775 2489 Ildnlium
798 2427 836 2485 ab
857 2412 974 2487 edendo
994 2429 1122 2493 dicitur.
1140 2430 1175 2487 id
1193 2436 1243 2488 est
1262 2428 1357 2508 qnasi
1371 2448 1449 2505 pre·

290 2541 455 2613 quotatinu
478 2542 633 2597 comestio.
653 2538 736 2596 nrrde
756 2541 790 2595 et
808 2535 953 2612 apuleius
973 2539 1008 2595 in
1028 2539 1117 2596 asino
1139 2556 1236 2597 aureo
1257 2540 1311 2597 nit.
1352 2535 1449 2594 Ildu-

293 2643 376 2703 libus
396 2648 587 2720 oppiperatis
605 2652 767 2723 excerpta.

211 2750 287 2827 Oui
293 2754 316 2811 d
339 2756 428 2825 sint¹
450 2759 618 2816 tuooeta.
666 2754 799 2813 Taooeta
819 2751 968 2812 dicantur
989 2772 1058 2813 osoe
1078 2758 1180 2873 φορέει..
1194 2758 1278 2815 nont
1298 2756 1448 2815 oalimor·

288 2890 352 2964 fius
372 2890 406 2945 in
425 2889 524 2962 oiseis
545 2889 598 2945 ait.
641 2885 807 2946 Ambrosio
828 2886 972 2945 redolent
992 2893 1117 2946 tnooeta
1137 2848 1259 2965 sapble.

211 2996 314 3072 (laid
333 3001 390 3058 sit
408 2999 636 3061 abstemius.
678 2996 862 3058 Abstemius
891 2998 1007 3057 dioitur
1027 2999 1210 3060 obseruons.
1232 3002 1319 3058 siord
1332 2993 1450 3056 Sarius

291 3107 324 3164 in
343 3110 455 3182 satyra
475 3109 527 3165 ait.
567 3103 763 3164 Absteminm
785 3106 948 3166 merulana
964 3108 1053 3185 fuqit
1070 3106 1226 3167 metbeuio
1246 3122 1368 3165 nomen.

211 3210 312 3286 (laid
330 3216 384 3272 sit
402 3214 571 3272 nudatus
627 3212 771 3272 Vadatur
799 3214 917 3272 dieitur
944 3215 1113 3274 obstrictas
1141 3212 1193 3273 oel
1221 3215 1279 3273 sub
1297 3213 1359 3289 fido
1378 3215 1449 3270 ius-

291 3324 379 3379 sione
392 3319 566 3380 ambulans.
588 3322 673 3378 nont
698 3316 876 3379 Finestolla
898 3324 951 3379 ait.
973 3321 1077 3381 Penes
1100 3339 1191 3400 onem
1212 3322 1346 3380 nodatos
1366 3322 1450 3378 omi-

293 3431 344 3484 tae
366 3428 454 3485 modo
475 3427 630 3485 tenebant.

214 3529 321 3605 Quid
340 3536 428 3593 sint
447 3536 663 3594 manubiae.
703 3534 877 3596 Manubiae
890 3542 969 3596 sunt
982 3543 1166 3597 ornamento
1180 3555 1297 3612 renam.
1323 3537 1408 3596 unde
1420 3542 1453 3596 ot
1506 3530 1509 3535 ’

185 3647 189 3652 ’
294 3641 464 3701 Petronius
493 3642 609 3700 arbiter
637 3645 691 3701 ait.
737 3643 793 3702 Tot
819 3663 929 3720 requm
961 3646 1126 3704 manubiae
1154 3661 1252 3720 penes
1276 3646 1451 3724 suaitinnm

293 3754 444 3824 repertae.
1065 3752 1070 3771 ¹

213 3852 315 3929 Ouid
332 3857 386 3914 sit
405 3858 635 3917 aumatium.
677 3857 863 3918 Aumatium
884 3858 1002 3917 dicitnr
1023 3859 1113 3917 loom
1133 3867 1276 3922 secretus
1294 3862 1449 3938 publicas.

295 3965 381 4021 siout
400 3965 433 4021 in
447 3963 581 4023 tlreatris
603 3971 661 4026 ont
680 3970 714 4025 in
736 3969 826 4026 circo.
872 3966 964 4027 Unde
984 3971 1016 4024 et
1032 3970 1196 4043 petronius
1208 3972 1325 4031 arbiter
1337 3973 1390 4029 ait.
1411 3971 1453 4030 ln

297 4071 469 4129 unmotiam
489 4078 602 4130 memet
621 4075 729 4150 ipsum
750 4077 878 4139 conieci.

216 4174 319 4250 (inid
336 4179 394 4234 sit
412 4176 664 4257 delinifioas.
706 4180 892 4258 Delinifiaas
912 4183 1027 4243 dicitnr
1048 4185 1277 4265 blandiloquus.
1311 4187 1402 4249 Unde
1423 4193 1455 4248 et

296 4283 450 4344 lnoretius
472 4291 609 4348 comicus
629 4292 663 4348 in
683 4290 896 4350 nummulario
917 4297 971 4351 ait.
1005 4292 1120 4356 Nescio
1142 4313 1293 4373 quorsum
1313 4299 1358 4355 mi
1377 4315 1454 4356 eue-

296 4395 389 4452 niant
407 4399 463 4453 tuo
483 4396 580 4456 aerbo
600 4397 762 4476 delinifica.

215 4525 452 4545 m

284 4599 446 4651 nomentum
464 4603 511 4653 dns
528 4614 544 4674 ς
561 4602 587 4653 ln
603 4616 647 4669 ae,
662 4605 758 4655 sbonso
776 4602 818 4655 dis
835 4604 1067 4656 durcbstricbenen
1090 4607 1255 4658 buohstaben
1274 4607 1378 4658 lberali
1397 4621 1456 4661 um-

224 4702 229 4711 ’
281 4692 382 4740 estnon.
